1651 2845
712 73 1047 119 —18·'-

186 208 266 256 (ο,
288 208 381 247 312.
405 218 450 256 ρ,
473 205 559 258 12)
591 201 738 250 οὕτως
768 203 849 245 καὶ
878 204 937 245 τά
969 202 1204 257 βάλλοντα
1233 204 1314 247 καὶ
1333 203 1393 251 τοὶ
1413 202 1583 257 βαλλό-

187 288 303 326 μενα
334 272 463 322 τόξα.
529 275 576 326 I„
609 276 700 323 324,
720 269 794 313 ὅτι
826 270 875 313 οἵ
905 271 1271 327 γλωσσογράφοι
1292 271 1482 326 μάςακα
1502 270 1583 327 τὴν

187 339 387 393 άκριδα,
420 341 527 383 δέον
555 341 754 395 μάσημα
789 339 869 380 καὶ
888 340 1082 394 βρῶμα
1115 339 1267 381 ἐνίοτε
1289 339 1343 381 δὲ
1362 340 1445 388 καί
1464 338 1582 382 αὐτὸ

188 409 242 451 τὸ
266 408 421 465 στόμα
444 408 601 463 &novi
605 424 718 463 μως,
739 407 963 461 καθάπερ
985 406 1039 450 τὸ
1060 410 1215 460 χοῖνιξ
1235 406 1289 449 τὸ
1312 406 1481 463 μέτρον
1504 406 1585 449 καὶ

188 477 242 521 τό
280 477 454 533 pinpo(
457 482 619 532 μενον·
659 477 789 529 ,,ἀλλ’
826 476 1061 533 Ὀδυσεῦς
1099 475 1180 520 επὶ
1201 474 1413 531 μάςακα
1449 472 1585 531 χερσῖ

189 547 362 598 πιέζείό
394 546 481 600 (ὁ,
511 548 640 599 287).
700 547 775 589 Sic
794 548 933 603 igitur
956 547 1068 601 (hoc
1088 546 1159 589 illi
1178 546 1268 610 sibi
1295 545 1481 599 volunt)
1506 540 1600 598 βέὲ

187 618 266 664 λος
285 614 340 657 τό
344 608 537 668 βάλλον
561 614 641 658 καὶ
660 614 713 657 τὸ
735 615 1025 670 βαλλόμενον
1056 615 1129 660 vel
1150 615 1201 658 τὸ
1225 617 1483 669 τιτριῦσκον
1504 613 1586 655 καὶ

189 683 243 726 τὸ
268 682 655 737 τιτρωσκόμενον.
673 704 729 715 -

325 765 473 808 Unum
502 775 644 808 restat
675 768 723 807 in
744 764 930 808 scholiis
952 766 1070 820 quod
1098 765 1184 808 huc
1212 766 1434 821 pertineat
1452 764 1596 819 idque!

187 835 241 876 de
272 834 540 893 Aristarcho
567 837 804 889 quaerenti
840 837 1162 891 gratissimum.
1217 835 1439 878 Admonet
1468 835 1586 875 enim

187 904 333 958 (quod
370 905 425 946 ad
463 906 721 946 testimonia
760 906 814 947 de
853 919 905 946 eo
945 906 1124 952 tradita,
1146 903 1587 952 rectediiudicanda

187 976 421 1029 permagni
448 976 662 1016 momenti
692 974 786 1029 est)
823 975 1012 1029 optimas
1053 975 1150 1016 eius
1183 974 1522 1016 observationes
1560 986 1589 1014 a

188 1043 517 1097 posterioribus
539 1045 841 1099 grammaticis
869 1058 1187 1099 nonnunquam
1215 1042 1415 1085 deflexas
1436 1057 1488 1084 ac
1507 1057 1585 1095 po·
1626 1078 1629 1079 γ

190 1114 279 1155 tius
301 1113 499 1155 detortas
521 1125 636 1164 esse.
692 1109 806 1159 Nam
837 1126 934 1153 cum
954 1110 1246 1154 Aristarchus
1276 1110 1586 1164 observasset,

189 1176 377 1231 βάλλειν
407 1181 496 1221 dici
526 1168 829 1221 tantummodo
861 1181 915 1221 de
945 1181 1118 1222 eminus
1137 1182 1256 1222 iacto
1285 1181 1475 1234 missili,
1510 1192 1588 1222 ne-

189 1264 275 1304 qne
318 1250 486 1299 idcirco
528 1249 831 1292 offenderetur
869 1251 983 1303 isto,
1023 1264 1110 1304 quo
1157 1249 1383 1293 Homerus
1419 1250 1585 1302 utitur,

188 1315 419 1368 σχεδόθεν
450 1316 589 1370 βάλε,
620 1319 831 1359 inventus
861 1327 930 1359 est
957 1320 1031 1372 qui
1053 1333 1112 1360 ex
1139 1318 1221 1359 illa
1239 1319 1491 1360 rectissima
1510 1317 1587 1358 ob-

187 1388 442 1428 servatione
462 1402 671 1441 perverse
693 1388 983 1430 contenderet
1005 1386 1233 1439 σχεόόθεν
1263 1387 1403 1439 βάλεν
1433 1386 1585 1438 (vide-

184 1455 293 1510 licet
314 1457 542 1498 contraria
563 1456 675 1510 sibi)
698 1472 789 1498 non
811 1457 1026 1511 coniungi
1043 1470 1191 1510 posse.
1246 1456 1351 1497 Fuit
1369 1457 1410 1497 is
1430 1455 1585 1500 Seleu-

187 1538 292 1577 cus,
331 1526 514 1566 minime
553 1525 769 1580 ignobilis
803 1527 1133 1577 grammaticus.
1173 1539 1214 1566 v.
1236 1523 1339 1567 Sch.
1360 1523 1403 1567 V
1430 1526 1488 1567 ad
1513 1528 1582 1575 Π,

188 1596 285 1634 807.
337 1592 508 1645 Inepte.
571 1597 626 1641 F,
656 1598 739 1635 600
765 1591 789 1634 ὅ
823 1597 908 1645 γάρ
941 1592 987 1645 ῥ’
1021 1591 1159 1645 ἔβαλε
1204 1592 1371 1643 σχεδὸν
1410 1591 1579 1636 ἐλθών.

187 1660 320 1710 Quod
360 1661 466 1703 hinc
504 1662 741 1705 didicimus
770 1664 893 1716 ipsos
924 1653 1168 1716 dis‘cipulos
1206 1675 1341 1715 prave
1379 1676 1582 1705 nonnun-

187 1746 316 1783 quam
336 1730 593 1774 Aristarchi
622 1733 871 1774 doctrinam
898 1734 1216 1785 interpretatos
1246 1744 1372 1784 esse,
1413 1746 1467 1773 eo
1487 1740 1580 1774 ute-

182 1814 281 1842 mur
302 1802 349 1841 in
370 1803 601 1854 proximo,
644 1816 729 1856 quo
755 1803 844 1843 iam
864 1801 1050 1843 festinat
1073 1801 1233 1842 oratio.

325 1900 364 1949 §.
386 1901 427 1937 2.
484 1896 542 1937 ΙΙ.
581 1894 768 1948 βάλλειν
790 1895 894 1938 τινά
916 1911 1005 1939 non
1027 1895 1256 1953 significat
1283 1896 1398 1950 apud
1415 1895 1579 1940 Home-

183 1980 283 2007 rum
319 1974 515 2019 „petere
536 1964 785 2019 aliquem‚“
824 1965 902 2008 sed
940 1963 1266 2020 „percutere.“

324 2046 418 2100 (Ea
456 2048 686 2099 percussio
714 2050 830 2101 quod
861 2058 937 2090 aut
967 2062 1064 2090 cum
1082 2046 1269 2088 vulnere
1290 2054 1359 2088 est
1381 2054 1459 2088 aut
1478 2048 1577 2088 sine

182 2114 393 2169 vulnere,
433 2115 540 2157 inde
578 2117 707 2158 modo
747 2115 1211 2174 dicitur-'significare
1235 2108 1577 2170 ,ἐπιτυγχάνειν

179 2184 255 2226 vel
274 2183 560 2235 πατάσσειν,
603 2185 785 2237 παίειν,
823 2188 955 2230 modo
979 2183 1294 2239 τιτρώσκειν.)

320 2265 511 2310 Omnem
540 2280 670 2310 usum
697 2270 823 2311 vocis
852 2268 1039 2321 βάλλειν
1072 2281 1201 2323 quam
1229 2262 1417 2308 difficile
1436 2264 1497 2305 sit
1516 2278 1577 2307 ex

179 2344 305 2377 tanta
325 2335 527 2379 locorum
556 2339 685 2391 copia
717 2353 875 2381 eruere
903 2339 1000 2391 ipse
1021 2346 1231 2397 expertus
1253 2349 1366 2377 sum.
1423 2333 1575 2385 Quare

178 2407 338 2447 statim.
351 2406 515 2456 dicam,
554 2416 604 2449 ut
632 2420 705 2448 res
735 2422 783 2450 se
813 2407 990 2456 habeat.
1048 2407 1123 2449 Sic
1142 2405 1302 2464 melius
1320 2403 1576 2447 Aristarchi

177 2474 381 2518 doctrina
401 2472 714 2531 explicabiturss
772 2477 960 2532 βάλλειν
980 2476 1085 2520 τινά
1106 2476 1152 2518 id
1172 2470 1424 2531 significat,
1455 2473 1573 2528 quod

1379 2644 1395 2671 ἢ
