1651 2845
636 65 971 146 -312-

118 235 205 279 His
232 233 469 279 momentis
500 240 676 275 constat
704 245 856 275 eorum
875 231 1092 276 imitatio:
1132 238 1326 276 attamen
1348 234 1422 277 sui
1440 235 1508 287 iu-

116 308 183 348 ris
203 317 396 359 suaeque
416 300 576 348 aetatis
599 311 645 345 et
662 302 902 346 voluerunt
920 315 1023 345 esse
1042 309 1102 345 et
1106 313 1249 345 erant.
1298 303 1509 347 Homeri-

116 375 182 416 cis
201 372 431 418 vocabulis
452 373 469 429 (
479 373 536 416 ad
557 372 669 416 haec
686 380 736 414 ut
753 385 825 414 me
842 371 1060 427 referam)
1072 404 1086 427 ,
1115 371 1357 415 Homerica
1374 388 1508 417 voca-

115 444 320 487 bulorum
347 443 683 501 significatione
712 451 758 484 et
776 436 999 485 structura
1019 457 1111 485 non
1131 445 1331 494 contenti
1348 443 1508 499 longo-

112 528 212 556 rum
257 512 540 556 {saeculorum
586 511 946 565 remotarumque
992 514 1228 569 regionum
1266 512 1507 554 thesauros

115 583 346 626 recludere
375 591 420 624 et
446 583 536 636 ipsi
566 581 758 623 condere
785 594 903 623 nova
930 577 977 623 et
1006 574 1243 625 deflectere
1272 592 1317 625 et
1345 582 1507 626 laxare

114 654 313 707 antiqua,
342 652 527 693 ut.sicut
546 658 649 697 ante
668 646 963 706 gliscentibus
983 649 1206 693 aetatibus
1226 653 1396 704 poetici
1413 667 1508 695 ser—

113 723 260 763 monis
281 720 396 763 fines
415 718 582 773 prolati
601 728 731 773 sunt,
765 721 873 762 item
891 733 972 773 per
990 719 1075 761 hos
1095 728 1321 773 extremos
1343 720 1508 762 Graeci
1562 718 1572 733 ”

115 792 327 832 carminis
353 788 591 832 molitoresv
613 789 780 842 factum
808 802 908 830 esse
926 789 1217 839 inveniatur„
1255 788 1344 832 Sed
1366 788 1441 831 his
1462 800 1508 833 et

112 859 322 901 imitandi
349 867 393 899 et
413 857 609 899 novandi
636 859 855 899 institutis
883 865 1030 902 utrum
1057 857 1310 915 elegantiae
1338 861 1506 902 verita-

85 949 91 952 ·
115 931 260 985 tisque
289 942 338 971 se
367 926 534 971 finibus
563 929 870 972 continuerint
889 942 945 971 an
967 928 1140 971 secreta
1161 931 1408 973 carminum
1426 945 1504 988 ge-

114 1015 222 1043 nera
246 1008 290 1042 et
318 997 607 1041 dialectorum
636 998 897 1042 discrimina
923 1006 1053 1053 extra
1071 999 1250 1043 modum
1269 1009 1315 1043 et
1334 1001 1393 1043 ad
1411 1015 1506 1045 mo—

114 1151 394 1165 ——u——-

251 1265 344 1313 'men
371 1255 681 1307 doctrinamque
704 1255 867 1307 quaerit
884 1256 938 1300 ,in
965 1258 1193 1309 exemplari
1221 1256 1504 1306 deflectendo,

252 1335 336 1359 non
365 1328 413 1358 ut
437 1323 563 1358 lateat
586 1320 767 1358 imitatio
793 1320 867 1358 sed
893 1327 939 1359 ut
961 1328 1123 1371 pateat,
1161 1324 1281 1373 quale
1309 1329 1375 1360 ert
1399 1322 1507 1361 illud

247 1384 428 1437 Oppiani
453 1382 550 1423 Ha1.
577 1388 622 1429 Γ,
643 1384 716 1421 147

311 1442 316 1444 ³
578 1450 728 1494 ‘rot't'vznoe
746 1457 856 1505 τῇσιν
875 1456 1149 1505 ἓχιιιλκευέιίιινθρ
1167 1455 1296 1501 ρῖλὸἶεε

301 1523 437 1564 κανλδν
467 1525 524 1563 ἐπ’
549 1524 732 1577 οἶγκῖστρῳ
763 1520 1027 1577 δολιχῶτερον,
1064 1520 1122 1578 οῗρ
1134 1540 1210 1563 nos
1247 1526 1270 1563 ὅ
1283 1522 1394 1564 δόντ
1407 1543 1458 1565 ων

251 1605 329 1644 cui
355 1606 498 1657 generi
523 1618 607 1644 non
634 1604 863 1655 putaverim
889 1604 1077 1644 absimile
1108 1606 1263 1654 fuisse,
1289 1608 1399 1658 quod
1424 1609 1506 1646 Ae-

249 1668 416 1718 schylus
443 1670 553 1709 dixit
576 1672 750 1723 ἤρίγένεωι
776 1672 906 1708 λέαινα
935 1668 1093 1720 (Hes.)
1120 1667 1288 1709 Similia
1308 1672 1508 1721 quaedam.

249 1740 346 1772 sunt
370 1735 416 1773 in
444 1736 532 1783 iis,
556 1750 658 1786 quae
687 1735 883 1774 Gerhard.
910 1736 1121 1774 recensuit
1144 1750 1182 1786 p.
1211 1739 1262 1790 84
1285 1750 1374 1789 sqq.
1401 1739 1505 1778 Nam

221 1798 288 1842 ,si
323 1798 414 1846 quis
444 1811 519 1848 pro
555 1798 777 1838 Homerico
811 1801 929 1840 ‚edm
966 1800 1159 1854 οἰνθρῶπων
1197 1803 1361 1842 α’λεείνων
1400 1803 1508 1841 dicit

249 1869 375 1921 τρίβον
403 1867 596 1920 ἅνθρωπων
624 1870 775 1906 α’λεείνει
805 1867 871 1916 (p.
898 1865 1001 1919 88),
1028 1867 1067 1904 is
1093 1879 1179 1905 non
1206 1870 1341 1907 celare
1365 1868 1507 1911 studet

253 1935 554 1992 imitationem,
582 1935 655 1972 sed
684 1936 778 1974 dum
798 1936 859 1974 ita
886 1935 1083 1995 exprimit
1110 1939 1339 1988 exemplar,
1365 1931 1507 1991 utvne-

251 1998 432 2036 cessario
466 1999 734 2052 agnoscatur,
770 1997 893 2036 simul
924 2012 1039 2037 suam
1080 2001 1283 2058 quandam
1314 2003 1506 2042 venditat

252 2062 425 2111 copiam.
478 2061 598 2104 Quod
624 2061 710 2099 iuis
748 2060 857 2102 haud
888 2076 983 2101 raro
1022 2064 1230 2101 contrario
1257 2065 1433 2103 cessisse
1460 2073 1505 2105 et

247 2134 321 2174 pro
360 2119 547 2163 ubertate
583 2137 776 2183 apparere
810 2125 1018 2176 inopiam,
1061 2128 1143 2166 imo
1178 2120 1386 2166 adamasse
1421 2128 1503 2169 hoe

252 2200 429 2239 genus,
442 2187 551 2238 quod
574 2193 709 2226 tamen
738 2200 836 2238 prae
861 2191 985 2240 novis
1010 2191 1193 2229 inventis
1221 2191 1389 2229 facilius
1416 2200 1503 2242 est,

248 2264 326 2299 nec
345 2250 487 2289 abnuo
504 2263 582 2289 nec
611 2251 845 2290 sententiae
876 2266 991 2292 meae
1017 2255 1269 2303 adversatur.
1320 2254 1405 2294 Sed
1431 2270 1504 2294 eo-

251 2317 343 2365 (leui
378 2327 534 2380 genere
560 2314 811 2353 imitationis
848 2323 967 2355 extra
996 2315 1218 2355 Homerica
1243 2329 1408 2368 quoque
1432 2320 1504 2357 usi

250 2386 368 2429 sunt,
392 2385 440 2417 ut
463 2390 516 2417 ex
522 2367 680 2416 multis
703 2380 753 2417 ad
772 2379 984 2430 Apollonii
1000 2381 1207 2430 exemplar
1220 2381 1367 2429 factis',
1396 2394 1504 2433 quac

251 2443 485 2483 Gerhmlus
520 2455 578 2481 ex<
607 2442 813 2493 Dionysio
857 2445 1033 2495 aliisque
1066 2446 1302 2494 proposuit,
1339 2436 1501 2487 intelli-

251 2521 347 2560 gere
373 2508 492 2553 licet„
552 2503 554 2505 ’
