1651 2845
682 16 764 94 ¹—-÷
833 50 1034 95 24—

277 204 279 206 >
304 185 349 237 ἦ.
369 183 411 226 3.
466 179 551 227 111.
588 179 773 237 Duplex
816 181 1027 226 vocabuli
1063 178 1255 233 βάλλειν
1290 179 1424 237 perf..
1445 190 1565 235 pass.

174 258 267 307 est,
305 249 540 307 βέβλημαι
569 260 614 295 et
641 248 927 307 βεβόλημαιε
967 251 1049 295 illo
1078 250 1133 293 de
1162 259 1375 305 corpore,
1405 249 1491 294 hoc
1508 249 1566 292 de

174 322 322 366 animo
350 320 479 364 laeso
507 320 731 364 Homerus
759 322 918 364 utitur.
958 315 1024 372 Ἰ,
1054 323 1081 363 3
1110 319 1283 362 πένθεϊ
1309 318 1350 364 δ’
1380 317 1566 376 ἀτλήτῳ

172 379 437 446 βεβολήατο
460 390 632 440 πάντες
653 388 849 446 ἄριςοι)
871 388 899 446 ἢ
921 388 1064 446 διπλῆ
1086 388 1161 432 ὅτι
1181 385 1300 430 ε”νιοι
1319 387 1570 443 βεβλήατο,

174 457 255 499 καὶ
274 457 540 513 Ζηνόδοτος
562 457 734 509 οὕτως·
757 458 839 501 ἐπὶ
860 458 913 501 δὲ
932 458 1011 515 τῆς
1032 455 1153 500 κατὰ
1172 455 1338 514 ψυχήν
1354 454 1570 509 τρώσεως

177 525 258 568 καὶ
280 523 537 581 ἀλγηδόνος
558 525 635 570 ἀεὶ
654 529 796 570 τοῦτο
818 527 999 577 τάττει,
1021 525 1102 569 ἐπὶ
1118 525 1172 568 δὲ
1190 528 1270 581 τῆς
1290 525 1413 569 κατὰ
1430 527 1571 580 σῶμα

175 592 546 656 πληγῆς,οὖκέτι
572 595 734 645 οὕτως.
792 596 886 639 Sex
913 596 1044 639 modo
1063 595 1270 655 versibus
1288 596 1572 651 interpositis

177 664 431 721 exemplum
451 675 544 722 est,
565 667 682 723 quod
699 679 795 710 rem
813 663 1071 709 confirmet:
1110 663 1359 721 Ἀτρείδης
1391 663 1432 706 δ’
1463 661 1575 716 ἄχεϊ

173 734 365 790 μεγάλῳ
393 735 704 791 βεβολημένος
727 731 863 792 ἧτορ’
900 732 1076 791 ἡδιπλῆ
1097 732 1172 777 ὅτι
1195 732 1339 778 πάλιν
1357 731 1412 776 τὸ
1431 734 1574 788 βεβο-

177 801 475 859 λημένοςδιιὶ
495 805 585 846 τοῦ
609 819 633 845 ο
656 803 738 850 ἐπὶ
758 804 933 859 ψυχῆς.

316 909 359 969 ς’.
377 918 420 963 4.
476 909 683 956 Nondum
711 912 830 956 solvi
859 927 1021 958 nomen
1050 927 1211 957 meum.
1268 909 1413 968 Supra
1442 911 1510 966 (ᾗ,
1531 915 1571 954 1.

178 998 222 1038 p.
234 982 305 1038 11)
327 982 609 1025 ostenderam
628 997 698 1026 me
716 982 1030 1038 probaturum,
1056 985 1117 1034 11,
1136 984 1220 1027 467
1237 978 1575 1025 Aristarcheam

176 1050 422 1095 lectionem
458 1065 551 1094 non
588 1052 731 1094 fuisse
755 1051 837 1093 ὸδέ
879 1051 1107 1108 Πήδασον
1153 1044 1372 1108 ἤλασεν
1407 1048 1575 1091 ἵππον.

179 1121 427 1176 Didymus,
468 1121 545 1175 qui
578 1120 696 1164 hanc
726 1119 967 1163 lectionem
994 1121 1043 1163 in
1070 1119 1349 1164 Philemonis
1378 1118 1576 1161 editione

180 1190 471 1233 seinvenisse
487 1190 571 1244 ait,
593 1204 646 1232 eo
655 1188 963 1245 probarevult
975 1199 1093 1233 certe
1112 1189 1316 1233 hoff-loco
1335 1188 1576 1245 lectionem
1593 1211 1603 1213 >

180 1257 438 1300 fluctuasse.
496 1251 674 1300 Deinde
701 1257 830 1301 suum
860 1259 984 1301 addit
1013 1258 1252 1313 iudicium,
1291 1259 1577 1312 nonimpro-

178 1325 376 1370 habilem
401 1327 548 1370 videri
567 1326 683 1369 hanc
701 1326 967 1382 lectionem,
989 1328 1149 1383 quippe
1169 1342 1267 1370 cum
1287 1319 1495 1377 ἓλαῦνειν
1516 1328 1578 1369 sit

179 1396 257 1438 ubi
282 1397 337 1440 de
365 1396 552 1439 vulnere
578 1397 752 1452 eminus
774 1397 955 1439 'inflicto
974 1397 1244 1439 inveniatur.
1299 1396 1361 1440 At
1378 1387 1578 1439 Aristar-

181 1464 293 1508 chus
319 1465 535 1512 docuerat
563 1464 772 1506 ἐλαύνειν
794 1467 861 1508 sic
882 1480 973 1509 non
993 1467 1110 1521 dici,
1141 1466 1219 1509 sed
1239 1479 1336 1509 sum
1356 1461 1576 1519 οὐτάσαι,

181 1533 364 1589 τύψαι,
395 1533 569 1588 πλῆξαι
598 1534 754 1575 eodem
778 1533 880 1577 loco
909 1533 1163 1579 habendum
1183 1534 1299 1579 esse.
1354 1528 1455 1577 Hoc
1474 1533 1578 1576 Ari-

182 1601 355 1646 starchi
383 1610 668 1657 praeceptum
695 1603 934 1659 ignorasse
953 1596 1196 1662 Didyrhum
1223 1621 1280 1648 ne
1309 1612 1457 1659 putes:
1498 1601 1578 1645 sed

182 1675 309 1716 visus
348 1680 417 1715 est
454 1670 542 1714 sibi
572 1672 785 1727 quosdam
813 1673 941 1717 locos
967 1674 1159 1732 legisse,
1191 1691 1276 1731 quo
1307 1671 1421 1717 illud
1448 1687 1575 1728 prae-

184 1750 360 1798 ceptum
371 1749 728 1797 ›perverteretuxu
785 1741 934 1786 Unum
953 1743 1050 1798 ipse
1069 1744 1244 1801 attulit,
1271 1746 1317 1795 P,
1339 1745 1422 1787 517

235 1820 267 1883 ἦ
289 1824 377 1881 ῥα,
393 1823 473 1866 και
494 1822 791 1878 ἆμπεπαλιὰν
812 1825 975 1878 προίει
989 1825 1336 1880 δολιχόσκιον
1317 1824 1481 1883 ε’γχος,

237 1908 318 1935 και
339 1891 480 1946 βάλεν
499 1892 730 1948 Ἀρήτοιο
754 1894 854 1936 κατ’
876 1892 1063 1937 ἀσπίδα
1082 1895 1277 1939 πάντοσ’
1301 1895 1457 1950 ἐΐσην

236 1958 270 2018 ἦ,
291 1959 333 2003 δ’
355 1957 440 2002 οῦκ
463 1957 598 2016 ἔγχος
619 1959 780 2015 ἔρυτο,
806 1962 886 2004 διά
908 1961 999 2016 πρὸ
1027 1962 1080 2005 δὲ
1102 1962 1269 2005 εισατο
1291 1961 1488 2016 χαλκός’

235 2028 426 2085 νειαίρη
450 2027 491 2070 δ’
512 2028 561 2070 ἐν
582 2030 747 2085 γαστρὶ
771 2030 852 2072 διά
875 2032 1077 2085 ζωςῆρ.ος
1100 2028 1308 2082 ἔλασσεν.
1353 2075 1356 2078 ,

184 2112 274 2164 Qui
291 2112 419 2157 locus
441 2111 560 2168 quod
580 2112 801 2169 Didymus
821 2113 964 2156 voluit
984 2128 1072 2157 non
1098 2113 1281 2170 probat,
1312 2130 1396 2160 nec
1420 2126 1489 2159 est
1510 2117 1579 2160 ul-

182 2182 281 2236 lus,
320 2184 398 2237 qui
435 2183 722 2224 verissimum
750 2182 1006 2227 Aristarchi
1043 2194 1324 2239 praeceptum
1362 2185 1580 2230 infirmet.

182 2249 394 2293 ἐλαύνειν
409 2234 529 2293 Ἔτινά
561 2266 785 2307 nunquam
815 2252 946 2295 aliter
975 2252 1137 2297 dicitur
1168 2257 1258 2299 nisi
1286 2256 1471 2314 gladio,
1508 2270 1580 2300 se-

183 2321 315 2376 curi‚'
334 2320 433 2364 sim.
454 2320 535 2363 τὸν
557 2319 688 2364 &aad
709 2338 837 2378 ωμον
861 2322 1086 2380 φασγάνω
1109 2323 1251 2376 ἀΐξας
1278 2330 1343 2380 E,
1362 2330 1429 2372 80.
1451 2325 1582 2382 ξίφει

182 2388 328 2447 ἤλασε
348 2389 519 2445 κόρσην
536 2394 592 2443 N,
613 2394 709 2435 576.
733 2390 910 2445 αὐχένα
931 2391 1103 2446 μέσσον
1125 2385 1321 2448 ε’λασσεν
1346 2395 1575 2451 φασγάνῳ

183 2457 327 2511 ἀΐξας
362 2461 428 2511 Κ,
454 2463 551 2507 455
615 2460 856 2517 ”Λντιφον
888 2456 947 2503 αὖ
992 2462 1123 2516 παοὰ
1153 2459 1233 2512 οὖς
1273 2460 1412 2508 ἔλασε
1450 2464 1578 2521 ξίφει
