1651 2845
580 88 916 130 ...23-

52 220 399 264 vandum-nsunt
424 217 496 260 vel
526 219 582 260 ad
602 217 984 273 comprobandum
1013 217 1350 274 singulis..1ocis
1379 227 1442 259 at-

51 288 283 342 tendebat,
317 303 402 344 quo
432 289 581 344 diplen
609 299 874 345 apponeret,
916 305 999 346 ego
1018 303 1118 331 non
1149 288 1292 331 video.
1353 288 1444 331 Aut

50 373 137 401 non
158 358 265 399 fecit
285 357 641 401 observationem
671 369 747 401 aut
774 368 895 402 recte
914 361 1037 402 fecit.
1094 358 1241 413 Ergo,
1282 360 1329 400 ni
1358 358 1441 399 fal-

48 428 141 480 lor,
174 429 238 469 sic
269 438 387 470 recte
417 438 675 471 statuemus.
733 430 1013 483 Apposuerat
1033 427 1323 471 Aristarchus
1343 442 1439 469 ver-

0 522 13 537 ,-
48 498 116 538 sui
139 496 327 538 obelum.
386 498 474 540 Sed
500 499 546 538 in
568 500 898 540 commentariis
920 498 1148 554 signorum
1170 510 1328 539 causas
1350 510 1439 538 non

48 565 252 608 omnibus
291 566 405 609 locis
444 580 596 609 omnes
637 576 927 622 apposuerat,
973 568 1134 621 partim
1182 567 1301 621 quod
1340 567 1439 620 ipsa

47 643 153 676 nota
181 637 229 676 in
259 635 391 677 rebus
420 637 599 689 saepius
627 638 810 678 monitis
840 651 920 690 pro
952 639 1434 687 commentario-esset,

45 705 206 757 partim
235 694 353 759 quod
380 706 428 746 in
459 706 547 747 isto
577 718 699 748 more
729 706 934 761 singulos
957 697 1156 760 quosque
1175 718 1332 747 versus
1357 718 1435 745 no—

43 774 169 814 tandi
197 789 286 816 non
316 776 502 830 triginta
520 775 748 817 volumina
770 777 908 829 (quae
940 789 1057 817 nunc
1078 774 1288 817 sufficere
1308 781 1437 828 putat
1466 821 1470 834 j

44 840 295 895 wolfius),
326 844 404 898 sed
424 845 503 885 vix·
523 844 711 886 ducenta
741 845 1058 886 commentario
1081 842 1322 888 Homerico
1344 842 1433 883 suf·
1469 838 1473 845 ¹

41 908 269 952 fecissent.
327 910 640 966 compensavit
665 913 954 974 *howaliquo
985 912 1140 965 modo,
1183 912 1299 965 quod
1339 924 1430 952 non

40 978 180 1035 semel
203 979 281 1021 sed
310 982 488 1034 saepius
510 982 867 1025 Commentarios
885 982 1151 1024 Homericos
1173 981 1326 1022 edidit.
1384 979 1435 1020 Si

41 1049 140 1101 quis
170 1049 308 1104 igitur
336 1059 606 1094 sectatorum
636 1054 767 1108 signa
798 1053 894 1093 eius
924 1051 1154 1093 illustrare
1195 1048 1330 1090 vellet
1359 1048 1434 1101 (ut

38 1114 374 1171 Aristonicus),
414 1121 504 1159 nisi
534 1134 686 1162 omnes
707 1116 1061 1171 Commentarios
1090 1115 1294 1159 adhibuit
1312 1126 1434 1171 pote-

41 1194 109 1226 rat
138 1185 307 1240 aliquid
338 1188 516 1235 nescire
544 1188 617 1230 vel
645 1190 811 1243 scripto
847 1188 900 1229 ab
934 1202 986 1229 eo
1008 1186 1285 1239 traditumss‘v.
1345 1186 1434 1227 Sed

23 1254 117 1300 „ubi
146 1255 400 1299 Aristarchi
427 1271 585 1300 manus
613 1256 826 1301 deficeret
852 1258 940 1311 ipsi
970 1271 1028 1298 ex
1047 1254 1301 1314 *disciplina
1331 1268 1431 1296 sen-

40 1325 343 1368 tentiam.eius
364 1327 648 1381 supplebant:
689 1328 736 1369 in
768 1341 853 1381 quo
875 1326 1019 1367 errori
1041 1314 1265 1367 obnoxios
1289 1323 1432 1366 fuisse

37 1383 138 1434 nisi'
150 1394 366 1448 exemplis
387 1404 613 1437 constaret
632 1410 705 1437 res
725 1397 823 1448 ipsa
844 1384 1037 1437 doceret.
1095 1393 1170 1434 Sic
1189 1387 1317 1434 illum
1333 1407 1429 1433 ver-

38 1476 158 1516 sum,
199 1463 253 1504 de
291 1478 375 1517 quo
411 1463 659 1518 loquimur,
697 1463 960 1506 Aristarcho
1000 1471 1251 1516 suspectum
1288 1462 1431 1503 fuisse

37 1535 149 1588 puto
179 1546 231 1573 eo
263 1542 549 1588 argumento,
590 1532 707 1587 quod
738 1533 854 1586 apud
884 1531 1172 1586 Apollonium
1205 1540 1301 1583 est,
1337 1530 1430 1572 lex.

38 1599 170 1658 Hom.
191 1613 227 1642 s.
258 1598 378 1654 ἕρμα
399 1629 612 1645 .......
633 1600 713 1642 ἐπὶ
736 1600 789 1642 δὲ
809 1600 894 1642 τοῦ
924 1597 1179 1654 μελαινέων
1200 1598 1299 1652 ἕρμ’
1321 1595 1433 1639 5612--

34 1667 161 1710 νάων
182 1666 207 1710 ὅ
228 1668 312 1722 μὲν
332 1668 617 1724 ’Λρίςαρχος
638 1668 783 1713 own-s
767 1674 811 1710 ῑ
827 1666 908 1710 τὸν
929 1667 1090 1720 στίχον
1121 1657 1288 1721 λέγων·
1328 1661 1432 1708 οἷον

37 1735 125 1794 γάρ
148 1751 262 1792 φησι
283 1737 344 1789 (l.
365 1737 447 1778 τὸν
470 1738 654 1790 στίχον
677 1742 860 1795 γελοῖον
890 1736 977 1794 γάρ
1002 1752 1052 1790 φ
1063 1738 1086 1790 )
1118 1733 1314 1789 ἔρεισμα
1340 1736 1431 1775 τῶν

38 1804 219 1856 ὀδυνῶν
249 1804 496 1860 λέγεσθαι,
529 1803 725 1846 ἔπαινον
757 1804 842 1858 γὰρ
874 1804 958 1845 οὐκ
990 1802 1087 1856 ἔχει
1117 1804 1202 1845 τοῦ
1230 1800 1431 1855 δυναμέ-

36 1887 121 1914 νου
156 1866 406 1927 ’ὂὸυνῆσαη
475 1874 606 1923 Quod
645 1874 820 1927 quidem
858 1882 1165 1930 argumentum
1204 1881 1249 1914 et
1286 1873 1433 1926 ipsum

37 1940 325 1985 Aristonicus
364 1957 454 1984 non
489 1944 814 1996 praetermisit,
864 1943 943 1983 sed
987 1942 1102 1984 illud
1149 1940 1340 1983 alterum
1377 1941 1434 1982 de

37 2008 184 2064 ἅβλής
219 2010 274 2052 de
315 2025 396 2055 suo
426 2012 620 2066 addidit,
657 2013 818 2066 quippe
849 2012 926 2067 qui
964 2010 1204 2066 disciplina
1233 2018 1434 2054 tenerett

34 2076 89 2121 τὸ
119 2076 308 2132 βάλλειν
323 2077 343 2093 ‘¹
361 2081 544 2135 Ομηρος
574 2079 658 2121 οὐκ
689 2079 771 2122 ἐπὶ
799 2082 883 2121 τοῦ
907 2081 1063 2135 ψιλῶς
1089 2078 1331 2133 προέσθαι
1359 2077 1433 2118 τί.-

34 2149 176 2203 θησι,
204 2146 279 2189 vel
305 2146 359 2189 τό
387 2147 576 2201 βάλλειν
605 2148 863 2203 προέμενόν
893 2148 987 2194 ἓςιν
1018 2147 1282 2199 ἓπιτυχεῖνε
1314 2147 1433 2210 quod

35 2216 129 2268 ille
134 2216 250 2260 falso
272 2218 590 2272 interpretatus
610 2227 678 2261 est
708 2221 839 2275 eique
860 2217 961 2262 loco
982 2216 1215 2274 adhibuit²
1234 2231 1320 2272 quo
1342 2229 1432 2259 non

38 2289 298 2341 pertineret.

110 2431 159 2482 *J
180 2429 294 2469 Haec
329 2432 557 2470 accuratius
585 2432 772 2481 exposita
807 2434 1039 2472 continebit
1067 2445 1151 2482 cap.
1182 2431 1236 2477 1.‚
1276 2443 1352 2480 quo
1383 2429 1430 2467 de

180 2493 369 2536 fontibus
395 2494 680 2537 Aristarcheae
699 2496 924 2556 *doctrinae
953 2496 1238 2546 explicabitur.
