<?xml version="1.0" encoding="UTF-8"?>
<!DOCTYPE html PUBLIC "-//W3C//DTD XHTML 1.0 Transitional//EN"
    "http://www.w3.org/TR/xhtml1/DTD/xhtml1-transitional.dtd">
<html xmlns="http://www.w3.org/1999/xhtml" xml:lang="en" lang="en">
 <head>
  <title>
</title>
<meta http-equiv="Content-Type" content="text/html;charset=utf-8" />
  <meta name='ocr-system' content='tesseract 3.04.00' />
  <meta name='ocr-capabilities' content='ocr_page ocr_carea ocr_par ocr_line ocrx_word'/>
</head>
<body>
  <div class='ocr_page' id='page_1' title='image "./4626093_0038.png"; bbox 0 0 1651 2845; ppageno 0'>
   <div class='ocr_carea' id='block_1_1' title="bbox 112 63 1529 1496">
    <p class='ocr_par' dir='ltr' id='par_1_1' title="bbox 659 63 998 145">
     <span class='ocr_line' id='line_1_1' title="bbox 659 63 998 111; baseline 0.009 -13"><span class='ocrx_word' id='word_1_1' title='bbox 659 87 728 98; x_wconf 89' lang='lat'><strong>...</strong></span> <span class='ocrx_word' id='word_1_2' title='bbox 796 63 860 111; x_wconf 82' lang='lat'><strong>28</strong></span> <span class='ocrx_word' id='word_1_3' title='bbox 930 88 998 101; x_wconf 89' lang='lat'><strong>...</strong></span> 
     </span>
     <span class='ocr_line' id='line_1_2' title="bbox 923 123 953 145; baseline 0 0"><span class='ocrx_word' id='word_1_4' title='bbox 923 123 953 145; x_wconf 59' lang='grc' dir='ltr'><strong>-ν-</strong></span> 
     </span>
    </p>

    <p class='ocr_par' dir='ltr' id='par_1_2' title="bbox 112 190 1529 1496">
     <span class='ocr_line' id='line_1_3' title="bbox 132 190 1529 251; baseline 0.001 -16"><span class='ocrx_word' id='word_1_5' title='bbox 132 194 205 236; x_wconf 80' lang='lat' dir='ltr'><strong>nls</strong></span> <span class='ocrx_word' id='word_1_6' title='bbox 228 192 534 249; x_wconf 73' lang='lat' dir='ltr'><strong>proprietatis.</strong></span> <span class='ocrx_word' id='word_1_7' title='bbox 567 194 630 245; x_wconf 87' lang='lat' dir='ltr'><strong>E,</strong></span> <span class='ocrx_word' id='word_1_8' title='bbox 659 197 744 239; x_wconf 76' lang='lat'><strong>260</strong></span> <span class='ocrx_word' id='word_1_9' title='bbox 764 190 875 250; x_wconf 78' lang='grc' dir='ltr'><em>ἄγχι</em></span> <span class='ocrx_word' id='word_1_10' title='bbox 898 193 952 239; x_wconf 78' lang='grc' dir='ltr'><strong>δὲ</strong></span> <span class='ocrx_word' id='word_1_11' title='bbox 971 195 1102 251; x_wconf 73' lang='grc' dir='ltr'><strong><em>θῆρα</em></strong></span> <span class='ocrx_word' id='word_1_12' title='bbox 1121 192 1358 250; x_wconf 64' lang='grc' dir='ltr'><em>βάλλουσῗ,</em></span> <span class='ocrx_word' id='word_1_13' title='bbox 1386 191 1504 237; x_wconf 78' lang='grc' dir='ltr'><em>οὖτά</em></span> <span class='ocrx_word' id='word_1_14' title='bbox 1517 220 1529 230; x_wconf 87' lang='lat'>-</span> 
     </span>
     <span class='ocr_line' id='line_1_4' title="bbox 132 260 1526 318; baseline 0.004 -13"><span class='ocrx_word' id='word_1_15' title='bbox 132 264 282 311; x_wconf 75' lang='grc' dir='ltr'><strong>ζουσι.</strong></span> <span class='ocrx_word' id='word_1_16' title='bbox 300 285 359 297; x_wconf 79' lang='lat'><strong>-·-</strong></span> <span class='ocrx_word' id='word_1_17' title='bbox 416 262 573 314; x_wconf 76' lang='lat' dir='ltr'><strong>Quint.</strong></span> <span class='ocrx_word' id='word_1_18' title='bbox 603 264 694 307; x_wconf 87' lang='lat' dir='ltr'><strong>Sm.</strong></span> <span class='ocrx_word' id='word_1_19' title='bbox 718 266 791 315; x_wconf 83' lang='lat' dir='ltr'><strong>A,</strong></span> <span class='ocrx_word' id='word_1_20' title='bbox 808 267 889 309; x_wconf 78' lang='lat'><strong>271</strong></span> <span class='ocrx_word' id='word_1_21' title='bbox 921 264 1005 308; x_wconf 79' lang='grc' dir='ltr'><strong>καί</strong></span> <span class='ocrx_word' id='word_1_22' title='bbox 1033 261 1072 318; x_wconf 75' lang='grc' dir='ltr'><strong>ῥ’</strong></span> <span class='ocrx_word' id='word_1_23' title='bbox 1105 260 1246 316; x_wconf 77' lang='grc' dir='ltr'><em>ἔβαλε</em></span> <span class='ocrx_word' id='word_1_24' title='bbox 1272 266 1526 311; x_wconf 69' lang='grc' dir='ltr'><strong>Σθενέλοιο</strong></span> 
     </span>
     <span class='ocr_line' id='line_1_5' title="bbox 130 330 1525 390; baseline 0.003 -18"><span class='ocrx_word' id='word_1_25' title='bbox 130 331 385 373; x_wconf 66' lang='grc' dir='ltr'><em>καταντίον</em></span> <span class='ocrx_word' id='word_1_26' title='bbox 405 330 511 375; x_wconf 66' lang='grc' dir='ltr'><strong>οὔὸ*</strong></span> <span class='ocrx_word' id='word_1_27' title='bbox 528 331 627 388; x_wconf 75' lang='grc' dir='ltr'><strong>ἄρα</strong></span> <span class='ocrx_word' id='word_1_28' title='bbox 641 331 723 374; x_wconf 80' lang='grc' dir='ltr'><strong>τόν</strong></span> <span class='ocrx_word' id='word_1_29' title='bbox 744 346 795 390; x_wconf 75' lang='grc' dir='ltr'><strong>γε</strong></span> <span class='ocrx_word' id='word_1_30' title='bbox 817 331 1006 377; x_wconf 77' lang='grc' dir='ltr'><strong>οὔτασε.</strong></span> <span class='ocrx_word' id='word_1_31' title='bbox 1046 333 1160 376; x_wconf 86' lang='lat' dir='ltr'><strong>Item</strong></span> <span class='ocrx_word' id='word_1_32' title='bbox 1185 333 1235 384; x_wconf 88' lang='grc' dir='ltr'><strong>Γ,</strong></span> <span class='ocrx_word' id='word_1_33' title='bbox 1254 337 1323 379; x_wconf 83' lang='grc'><strong>62.</strong></span> <span class='ocrx_word' id='word_1_34' title='bbox 1348 336 1408 385; x_wconf 84' lang='grc' dir='ltr'><strong>Η,</strong></span> <span class='ocrx_word' id='word_1_35' title='bbox 1431 336 1525 377; x_wconf 86' lang='grc'><strong>117.</strong></span> 
     </span>
     <span class='ocr_line' id='line_1_6' title="bbox 133 398 1526 461; baseline 0 -18"><span class='ocrx_word' id='word_1_36' title='bbox 133 402 171 451; x_wconf 80' lang='grc' dir='ltr'><strong>Ι,</strong></span> <span class='ocrx_word' id='word_1_37' title='bbox 197 404 281 446; x_wconf 77' lang='grc'><strong>275</strong></span> <span class='ocrx_word' id='word_1_38' title='bbox 305 402 397 458; x_wconf 78' lang='lat' dir='ltr'><strong>(cl.</strong></span> <span class='ocrx_word' id='word_1_39' title='bbox 423 402 567 456; x_wconf 67' lang='lat'>240.)-</span> <span class='ocrx_word' id='word_1_40' title='bbox 620 403 753 458; x_wconf 72' lang='lat' dir='ltr'><strong>Apud</strong></span> <span class='ocrx_word' id='word_1_41' title='bbox 779 398 968 447; x_wconf 81' lang='lat' dir='ltr'><strong>eundem</strong></span> <span class='ocrx_word' id='word_1_42' title='bbox 995 402 1186 461; x_wconf 82' lang='lat' dir='ltr'><strong>legimus</strong></span> <span class='ocrx_word' id='word_1_43' title='bbox 1215 402 1391 459; x_wconf 78' lang='grc' dir='ltr'><em>πλήξας</em></span> <span class='ocrx_word' id='word_1_44' title='bbox 1419 418 1526 454; x_wconf 45' lang='lat' dir='ltr'><strong>&gt;seyf-</strong></span> 
     </span>
     <span class='ocr_line' id='line_1_7' title="bbox 126 470 1523 530; baseline 0.003 -20"><span class='ocrx_word' id='word_1_45' title='bbox 126 470 291 523; x_wconf 77' lang='grc' dir='ltr'><em>μαδίω</em></span> <span class='ocrx_word' id='word_1_46' title='bbox 319 475 390 520; x_wconf 89' lang='grc' dir='ltr'><strong>Π,</strong></span> <span class='ocrx_word' id='word_1_47' title='bbox 417 476 474 514; x_wconf 82' lang='grc'><strong>94</strong></span> <span class='ocrx_word' id='word_1_48' title='bbox 499 479 546 514; x_wconf 90' lang='lat' dir='ltr'><strong>et</strong></span> <span class='ocrx_word' id='word_1_49' title='bbox 574 473 753 528; x_wconf 80' lang='grc' dir='ltr'><em>πληγαί</em></span> <span class='ocrx_word' id='word_1_50' title='bbox 779 474 834 516; x_wconf 87' lang='lat' dir='ltr'><strong>de</strong></span> <span class='ocrx_word' id='word_1_51' title='bbox 863 475 996 517; x_wconf 81' lang='lat' dir='ltr'><strong>iactis</strong></span> <span class='ocrx_word' id='word_1_52' title='bbox 1027 472 1253 530; x_wconf 77' lang='lat' dir='ltr'>lapidibus</span> <span class='ocrx_word' id='word_1_53' title='bbox 1287 474 1311 513; x_wconf 96' lang='lat'><strong><em>1</em></strong></span> <span class='ocrx_word' id='word_1_54' title='bbox 1329 474 1399 522; x_wconf 82' lang='lat' dir='ltr'><strong>A,</strong></span> <span class='ocrx_word' id='word_1_55' title='bbox 1428 476 1523 514; x_wconf 85' lang='lat'><strong>120.</strong></span> 
     </span>
     <span class='ocr_line' id='line_1_8' title="bbox 126 538 1527 597; baseline 0.001 -14"><span class='ocrx_word' id='word_1_56' title='bbox 126 538 345 583; x_wconf 88' lang='lat' dir='ltr'><strong>Necillud</strong></span> <span class='ocrx_word' id='word_1_57' title='bbox 354 538 666 594; x_wconf 70' lang='lat' dir='ltr'><strong>Homericum:</strong></span> <span class='ocrx_word' id='word_1_58' title='bbox 687 541 910 584; x_wconf 73' lang='grc' dir='ltr'><em>θείνουσι</em></span> <span class='ocrx_word' id='word_1_59' title='bbox 932 542 1201 597; x_wconf 79' lang='grc' dir='ltr'><em>σιδηρείῃσι</em></span> <span class='ocrx_word' id='word_1_60' title='bbox 1220 542 1390 596; x_wconf 44' lang='grc' dir='ltr'><em>βολιῆσι</em></span> <span class='ocrx_word' id='word_1_61' title='bbox 1406 539 1527 595; x_wconf 74' lang='lat' dir='ltr'><strong>Opp.</strong></span> 
     </span>
     <span class='ocr_line' id='line_1_9' title="bbox 124 607 1524 665; baseline 0.001 -15"><span class='ocrx_word' id='word_1_62' title='bbox 124 607 232 651; x_wconf 86' lang='lat' dir='ltr'><strong>Hal.</strong></span> <span class='ocrx_word' id='word_1_63' title='bbox 260 610 429 660; x_wconf 49' lang='lat' dir='ltr'><strong>&amp;Aah</strong></span> <span class='ocrx_word' id='word_1_64' title='bbox 486 610 664 653; x_wconf 85' lang='lat' dir='ltr'><strong>Etenim</strong></span> <span class='ocrx_word' id='word_1_65' title='bbox 683 608 771 652; x_wconf 87' lang='lat' dir='ltr'><strong>hoc</strong></span> <span class='ocrx_word' id='word_1_66' title='bbox 790 610 925 652; x_wconf 88' lang='lat' dir='ltr'><strong>etiam</strong></span> <span class='ocrx_word' id='word_1_67' title='bbox 944 610 1129 653; x_wconf 87' lang='lat' dir='ltr'><strong>verbum</strong></span> <span class='ocrx_word' id='word_1_68' title='bbox 1156 609 1334 650; x_wconf 71' lang='grc' dir='ltr'><em>θείνειν</em></span> <span class='ocrx_word' id='word_1_69' title='bbox 1356 618 1524 665; x_wconf 82' lang='lat' dir='ltr'><strong>certum</strong></span> 
     </span>
     <span class='ocr_line' id='line_1_10' title="bbox 124 669 1524 737; baseline 0.001 -16"><span class='ocrx_word' id='word_1_70' title='bbox 124 677 244 733; x_wconf 80' lang='lat' dir='ltr'><strong>apud</strong></span> <span class='ocrx_word' id='word_1_71' title='bbox 280 669 459 734; x_wconf 82' lang='lat' dir='ltr'><strong>poetam</strong></span> <span class='ocrx_word' id='word_1_72' title='bbox 483 692 619 737; x_wconf 25' lang='lat' dir='ltr'><strong>usum·</strong></span> <span class='ocrx_word' id='word_1_73' title='bbox 643 677 781 722; x_wconf 87' lang='lat' dir='ltr'><strong>habet</strong></span> <span class='ocrx_word' id='word_1_74' title='bbox 807 680 858 723; x_wconf 86' lang='lat' dir='ltr'><strong>in</strong></span> <span class='ocrx_word' id='word_1_75' title='bbox 884 678 1037 736; x_wconf 77' lang='lat' dir='ltr'><strong>gladio</strong></span> <span class='ocrx_word' id='word_1_76' title='bbox 1059 678 1251 734; x_wconf 84' lang='lat' dir='ltr'><strong>aliisque</strong></span> <span class='ocrx_word' id='word_1_77' title='bbox 1274 693 1411 734; x_wconf 84' lang='lat' dir='ltr'>prope</span> <span class='ocrx_word' id='word_1_78' title='bbox 1431 679 1524 722; x_wconf 86' lang='lat' dir='ltr'><strong>lae-</strong></span> 
     </span>
     <span class='ocr_line' id='line_1_11' title="bbox 122 746 1523 804; baseline 0.001 -15"><span class='ocrx_word' id='word_1_79' title='bbox 122 747 350 792; x_wconf 84' lang='lat' dir='ltr'><strong>dentibus.</strong></span> <span class='ocrx_word' id='word_1_80' title='bbox 405 748 479 792; x_wconf 84' lang='lat' dir='ltr'><strong>Ex</strong></span> <span class='ocrx_word' id='word_1_81' title='bbox 508 746 679 799; x_wconf 75' lang='lat' dir='ltr'><strong>Quinto</strong></span> <span class='ocrx_word' id='word_1_82' title='bbox 706 756 941 804; x_wconf 83' lang='lat' dir='ltr'><strong>praeterea</strong></span> <span class='ocrx_word' id='word_1_83' title='bbox 980 748 1161 791; x_wconf 85' lang='lat' dir='ltr'><strong>enotavi</strong></span> <span class='ocrx_word' id='word_1_84' title='bbox 1192 748 1310 803; x_wconf 89' lang='lat' dir='ltr'><strong>quod</strong></span> <span class='ocrx_word' id='word_1_85' title='bbox 1347 748 1523 792; x_wconf 82' lang='lat' dir='ltr'><strong>videtur</strong></span> 
     </span>
     <span class='ocr_line' id='line_1_12' title="bbox 119 815 1523 874; baseline -0.001 -14"><span class='ocrx_word' id='word_1_86' title='bbox 119 817 433 872; x_wconf 79' lang='lat' dir='ltr'><strong>apponendum</strong></span> <span class='ocrx_word' id='word_1_87' title='bbox 454 831 570 862; x_wconf 84' lang='lat' dir='ltr'><strong>esse.</strong></span> <span class='ocrx_word' id='word_1_88' title='bbox 618 818 727 863; x_wconf 87' lang='lat' dir='ltr'><strong>Scil.</strong></span> <span class='ocrx_word' id='word_1_89' title='bbox 747 819 855 862; x_wconf 87' lang='lat' dir='ltr'><strong>illae</strong></span> <span class='ocrx_word' id='word_1_90' title='bbox 873 819 1105 862; x_wconf 86' lang='lat' dir='ltr'><strong>breviores</strong></span> <span class='ocrx_word' id='word_1_91' title='bbox 1124 818 1296 867; x_wconf 78' lang='lat' dir='ltr'>somnae</span> <span class='ocrx_word' id='word_1_92' title='bbox 1315 815 1523 874; x_wconf 78' lang='grc' dir='ltr'><strong>βλήεται,</strong></span> 
     </span>
     <span class='ocr_line' id='line_1_13' title="bbox 119 884 1521 947; baseline 0.001 -22"><span class='ocrx_word' id='word_1_93' title='bbox 119 886 293 940; x_wconf 71' lang='grc' dir='ltr'><em>βλῆτο,</em></span> <span class='ocrx_word' id='word_1_94' title='bbox 313 886 553 947; x_wconf 73' lang='grc' dir='ltr'><em>βλῆσθαι,</em></span> <span class='ocrx_word' id='word_1_95' title='bbox 581 884 807 939; x_wconf 80' lang='grc' dir='ltr'><em>βλήμενος</em></span> <span class='ocrx_word' id='word_1_96' title='bbox 829 889 876 930; x_wconf 90' lang='lat' dir='ltr'><strong>in</strong></span> <span class='ocrx_word' id='word_1_97' title='bbox 896 887 1153 931; x_wconf 83' lang='lat' dir='ltr'><strong>Homericis</strong></span> <span class='ocrx_word' id='word_1_98' title='bbox 1175 901 1265 929; x_wconf 88' lang='lat' dir='ltr'><strong>non</strong></span> <span class='ocrx_word' id='word_1_99' title='bbox 1287 887 1521 928; x_wconf 88' lang='lat' dir='ltr'><strong>inveniun-</strong></span> 
     </span>
     <span class='ocr_line' id='line_1_14' title="bbox 121 955 1518 1012; baseline -0.001 -12"><span class='ocrx_word' id='word_1_100' title='bbox 121 964 195 1000; x_wconf 88' lang='lat' dir='ltr'><strong>tur</strong></span> <span class='ocrx_word' id='word_1_101' title='bbox 213 956 366 1000; x_wconf 70' lang='lat' dir='ltr'><strong>nisi-si</strong></span> <span class='ocrx_word' id='word_1_102' title='bbox 386 955 486 1012; x_wconf 88' lang='lat' dir='ltr'><strong>quis</strong></span> <span class='ocrx_word' id='word_1_103' title='bbox 505 968 744 1010; x_wconf 78' lang='lat' dir='ltr'><strong>percussus</strong></span> <span class='ocrx_word' id='word_1_104' title='bbox 765 956 930 1000; x_wconf 87' lang='lat' dir='ltr'><strong>dicitur</strong></span> <span class='ocrx_word' id='word_1_105' title='bbox 948 957 1096 1010; x_wconf 81' lang='grc' dir='ltr'><em>βέλει,</em></span> <span class='ocrx_word' id='word_1_106' title='bbox 1117 955 1409 1012; x_wconf 85' lang='lat' dir='ltr'><strong>quodcunque</strong></span> <span class='ocrx_word' id='word_1_107' title='bbox 1429 965 1518 999; x_wconf 87' lang='lat' dir='ltr'><strong>est:</strong></span> 
     </span>
     <span class='ocr_line' id='line_1_15' title="bbox 119 1022 1519 1085; baseline -0.001 -16"><span class='ocrx_word' id='word_1_108' title='bbox 119 1027 200 1070; x_wconf 80' lang='lat' dir='ltr'><strong>sed</strong></span> <span class='ocrx_word' id='word_1_109' title='bbox 221 1025 419 1076; x_wconf 77' lang='lat' dir='ltr'><strong>Quintus</strong></span> <span class='ocrx_word' id='word_1_110' title='bbox 448 1025 567 1084; x_wconf 65' lang='lat' dir='ltr'><strong>«lixit</strong></span> <span class='ocrx_word' id='word_1_111' title='bbox 599 1023 827 1079; x_wconf 81' lang='grc' dir='ltr'><em>βλήμενος</em></span> <span class='ocrx_word' id='word_1_112' title='bbox 856 1024 904 1067; x_wconf 72' lang='grc' dir='ltr'><strong>ἐν</strong></span> <span class='ocrx_word' id='word_1_113' title='bbox 928 1022 1123 1085; x_wconf 71' lang='grc' dir='ltr'><em>κονίῃσι,</em></span> <span class='ocrx_word' id='word_1_114' title='bbox 1141 1026 1184 1066; x_wconf 95' lang='grc' dir='ltr'><strong><em>Γ</em></strong></span> <span class='ocrx_word' id='word_1_115' title='bbox 1179 1055 1192 1076; x_wconf 88' lang='lat'>,</span> <span class='ocrx_word' id='word_1_116' title='bbox 1211 1028 1308 1068; x_wconf 89' lang='grc'><strong>316.</strong></span> <span class='ocrx_word' id='word_1_117' title='bbox 1343 1028 1403 1075; x_wconf 87' lang='grc' dir='ltr'><strong>Ε,</strong></span> <span class='ocrx_word' id='word_1_118' title='bbox 1424 1029 1519 1068; x_wconf 84' lang='grc'><strong>184.</strong></span> 
     </span>
     <span class='ocr_line' id='line_1_16' title="bbox 118 1091 1520 1151; baseline -0.002 -12"><span class='ocrx_word' id='word_1_119' title='bbox 118 1095 172 1151; x_wconf 82' lang='grc' dir='ltr'><strong>ς’,</strong></span> <span class='ocrx_word' id='word_1_120' title='bbox 191 1099 291 1139; x_wconf 81' lang='grc'><strong>456.</strong></span> <span class='ocrx_word' id='word_1_121' title='bbox 321 1092 550 1151; x_wconf 78' lang='grc' dir='ltr'><em>βλήμενος</em></span> <span class='ocrx_word' id='word_1_122' title='bbox 573 1092 622 1135; x_wconf 73' lang='grc' dir='ltr'><strong>ἐκ</strong></span> <span class='ocrx_word' id='word_1_123' title='bbox 649 1091 842 1147; x_wconf 81' lang='grc' dir='ltr'><em>δίφροιο</em></span> <span class='ocrx_word' id='word_1_124' title='bbox 877 1096 913 1143; x_wconf 92' lang='grc'><strong>1,</strong></span> <span class='ocrx_word' id='word_1_125' title='bbox 948 1097 1046 1137; x_wconf 82' lang='lat'><strong>139.</strong></span> <span class='ocrx_word' id='word_1_126' title='bbox 1102 1094 1312 1150; x_wconf 84' lang='lat' dir='ltr'><strong>Denique</strong></span> <span class='ocrx_word' id='word_1_127' title='bbox 1350 1094 1520 1149; x_wconf 77' lang='grc' dir='ltr'><em>βεβλῆ-</em></span> 
     </span>
     <span class='ocr_line' id='line_1_17' title="bbox 115 1161 1519 1217; baseline 0.001 -13"><span class='ocrx_word' id='word_1_128' title='bbox 115 1167 239 1204; x_wconf 66' lang='grc' dir='ltr'><em>σθαι</em></span> <span class='ocrx_word' id='word_1_129' title='bbox 261 1172 308 1206; x_wconf 89' lang='lat' dir='ltr'><strong>et</strong></span> <span class='ocrx_word' id='word_1_130' title='bbox 325 1161 626 1215; x_wconf 75' lang='grc' dir='ltr'><em>βεβολῆσθαι</em></span> <span class='ocrx_word' id='word_1_131' title='bbox 645 1163 899 1215; x_wconf 88' lang='lat' dir='ltr'><strong>promiscue</strong></span> <span class='ocrx_word' id='word_1_132' title='bbox 918 1162 1048 1204; x_wconf 87' lang='lat' dir='ltr'><strong>dicia</strong></span> <span class='ocrx_word' id='word_1_133' title='bbox 1064 1162 1408 1217; x_wconf 87' lang='lat' dir='ltr'><strong>recentioribus,</strong></span> <span class='ocrx_word' id='word_1_134' title='bbox 1429 1164 1519 1206; x_wconf 88' lang='lat' dir='ltr'><strong>iam</strong></span> 
     </span>
     <span class='ocr_line' id='line_1_18' title="bbox 116 1222 1518 1289; baseline -0.001 -13"><span class='ocrx_word' id='word_1_135' title='bbox 116 1232 354 1277; x_wconf 83' lang='lat' dir='ltr'><strong>Lobeckio</strong></span> <span class='ocrx_word' id='word_1_136' title='bbox 365 1229 652 1275; x_wconf 82' lang='lat' dir='ltr'><strong>observatum</strong></span> <span class='ocrx_word' id='word_1_137' title='bbox 670 1230 1065 1287; x_wconf 80' lang='lat' dir='ltr'><strong>adPhryn.p.589.</strong></span> <span class='ocrx_word' id='word_1_138' title='bbox 1086 1222 1335 1289; x_wconf 78' lang='grc' dir='ltr'><em>(βλήμενος</em></span> <span class='ocrx_word' id='word_1_139' title='bbox 1356 1229 1518 1287; x_wconf 76' lang='grc' dir='ltr'><em>ἄλγεσι</em></span> 
     </span>
     <span class='ocr_line' id='line_1_19' title="bbox 112 1299 1516 1355; baseline -0.001 -11"><span class='ocrx_word' id='word_1_140' title='bbox 112 1301 274 1355; x_wconf 80' lang='grc' dir='ltr'><strong><em>θυμόν</em></strong></span> <span class='ocrx_word' id='word_1_141' title='bbox 305 1300 393 1351; x_wconf 79' lang='lat' dir='ltr'><strong>Qu.</strong></span> <span class='ocrx_word' id='word_1_142' title='bbox 422 1299 514 1343; x_wconf 73' lang='lat' dir='ltr'><strong>Sm-</strong></span> <span class='ocrx_word' id='word_1_143' title='bbox 548 1301 589 1341; x_wconf 83' lang='lat' dir='ltr'><em>E</em></span> <span class='ocrx_word' id='word_1_144' title='bbox 597 1330 609 1349; x_wconf 81' lang='lat'><strong>,</strong></span> <span class='ocrx_word' id='word_1_145' title='bbox 630 1300 751 1354; x_wconf 84' lang='lat'>461.)</span> <span class='ocrx_word' id='word_1_146' title='bbox 805 1301 942 1343; x_wconf 85' lang='lat' dir='ltr'><strong>Dixit</strong></span> <span class='ocrx_word' id='word_1_147' title='bbox 960 1302 1015 1343; x_wconf 85' lang='lat' dir='ltr'><strong>de</strong></span> <span class='ocrx_word' id='word_1_148' title='bbox 1035 1301 1191 1354; x_wconf 83' lang='lat' dir='ltr'><strong>eadem</strong></span> <span class='ocrx_word' id='word_1_149' title='bbox 1217 1316 1268 1344; x_wconf 85' lang='lat' dir='ltr'><strong>re</strong></span> <span class='ocrx_word' id='word_1_150' title='bbox 1285 1300 1516 1344; x_wconf 85' lang='lat' dir='ltr'><strong>Buttman—</strong></span> 
     </span>
     <span class='ocr_line' id='line_1_20' title="bbox 115 1366 1516 1426; baseline -0.004 -9"><span class='ocrx_word' id='word_1_151' title='bbox 115 1387 202 1418; x_wconf 83' lang='lat' dir='ltr'><strong>nus</strong></span> <span class='ocrx_word' id='word_1_152' title='bbox 238 1372 295 1415; x_wconf 84' lang='lat' dir='ltr'><strong>ad</strong></span> <span class='ocrx_word' id='word_1_153' title='bbox 331 1371 461 1415; x_wconf 77' lang='lat' dir='ltr'><strong>Arar.</strong></span> <span class='ocrx_word' id='word_1_154' title='bbox 507 1373 615 1423; x_wconf 79' lang='lat'><strong>492,</strong></span> <span class='ocrx_word' id='word_1_155' title='bbox 666 1369 745 1423; x_wconf 84' lang='lat' dir='ltr'><strong>qui</strong></span> <span class='ocrx_word' id='word_1_156' title='bbox 791 1370 835 1412; x_wconf 88' lang='lat' dir='ltr'><strong>si</strong></span> <span class='ocrx_word' id='word_1_157' title='bbox 870 1369 1152 1426; x_wconf 83' lang='lat' dir='ltr'><strong>Aristarchi,</strong></span> <span class='ocrx_word' id='word_1_158' title='bbox 1201 1372 1243 1414; x_wconf 88' lang='lat' dir='ltr'><strong>si</strong></span> <span class='ocrx_word' id='word_1_159' title='bbox 1279 1366 1516 1413; x_wconf 60' lang='lat' dir='ltr'><strong>&gt;Lobeckii</strong></span> 
     </span>
     <span class='ocr_line' id='line_1_21' title="bbox 112 1439 1511 1496; baseline -0.004 -8"><span class='ocrx_word' id='word_1_160' title='bbox 112 1457 284 1488; x_wconf 74' lang='lat' dir='ltr'><strong>memor</strong></span> <span class='ocrx_word' id='word_1_161' title='bbox 320 1442 509 1493; x_wconf 83' lang='lat' dir='ltr'><strong>fuisset,</strong></span> <span class='ocrx_word' id='word_1_162' title='bbox 546 1439 746 1482; x_wconf 69' lang='lat' dir='ltr'><strong>fortasse</strong></span> <span class='ocrx_word' id='word_1_163' title='bbox 781 1439 964 1483; x_wconf 83' lang='lat' dir='ltr'><strong>facilius</strong></span> <span class='ocrx_word' id='word_1_164' title='bbox 1004 1440 1109 1496; x_wconf 83' lang='lat' dir='ltr'><strong>quid</strong></span> <span class='ocrx_word' id='word_1_165' title='bbox 1147 1441 1306 1486; x_wconf 84' lang='lat' dir='ltr'><strong>doceat</strong></span> <span class='ocrx_word' id='word_1_166' title='bbox 1342 1440 1511 1483; x_wconf 88' lang='lat' dir='ltr'><strong>intelli-</strong></span> 
     </span>
    </p>
   </div>
   <div class='ocr_carea' id='block_1_2' title="bbox 111 1525 1511 1633">
    <p class='ocr_par' dir='ltr' id='par_1_3' title="bbox 111 1525 1511 1633">
     <span class='ocr_line' id='line_1_22' title="bbox 143 1525 416 1558; baseline -0.015 0"><span class='ocrx_word' id='word_1_167' title='bbox 143 1525 335 1558; x_wconf 74' lang='lat' dir='ltr'><strong>eremus.</strong></span> <span class='ocrx_word' id='word_1_168' title='bbox 356 1533 416 1544; x_wconf 92' lang='lat'>—</span> 
     </span>
     <span class='ocr_line' id='line_1_23' title="bbox 111 1530 1511 1633; baseline -0.002 -10"><span class='ocrx_word' id='word_1_169' title='bbox 111 1530 141 1573; x_wconf 70' lang='lat' dir='ltr'>g</span> <span class='ocrx_word' id='word_1_170' title='bbox 250 1580 381 1623; x_wconf 69' lang='lat' dir='ltr'><strong>Hace</strong></span> <span class='ocrx_word' id='word_1_171' title='bbox 415 1578 621 1633; x_wconf 81' lang='lat' dir='ltr'><strong>poeticae</strong></span> <span class='ocrx_word' id='word_1_172' title='bbox 666 1576 882 1620; x_wconf 80' lang='lat' dir='ltr'><strong>dictionis</strong></span> <span class='ocrx_word' id='word_1_173' title='bbox 927 1578 1192 1620; x_wconf 81' lang='lat' dir='ltr'><strong>discrimina</strong></span> <span class='ocrx_word' id='word_1_174' title='bbox 1238 1592 1511 1633; x_wconf 83' lang='lat' dir='ltr'><strong>cognoscere</strong></span> 
     </span>
    </p>
   </div>
   <div class='ocr_carea' id='block_1_3' title="bbox 103 1645 1510 1911">
    <p class='ocr_par' dir='ltr' id='par_1_4' title="bbox 103 1645 1510 1911">
     <span class='ocr_line' id='line_1_24' title="bbox 108 1645 1510 1700; baseline -0.004 -5"><span class='ocrx_word' id='word_1_175' title='bbox 108 1651 424 1695; x_wconf 81' lang='lat' dir='ltr'><strong>utilissimum:</strong></span> <span class='ocrx_word' id='word_1_176' title='bbox 455 1656 500 1689; x_wconf 84' lang='lat' dir='ltr'><strong>et</strong></span> <span class='ocrx_word' id='word_1_177' title='bbox 518 1645 655 1689; x_wconf 86' lang='lat' dir='ltr'><strong>veli-m</strong></span> <span class='ocrx_word' id='word_1_178' title='bbox 675 1646 890 1700; x_wconf 74' lang='lat' dir='ltr'><strong>quidquid</strong></span> <span class='ocrx_word' id='word_1_179' title='bbox 907 1645 963 1688; x_wconf 88' lang='lat' dir='ltr'><strong>ab</strong></span> <span class='ocrx_word' id='word_1_180' title='bbox 984 1645 1184 1689; x_wconf 86' lang='lat' dir='ltr'><strong>Homero</strong></span> <span class='ocrx_word' id='word_1_181' title='bbox 1212 1647 1510 1700; x_wconf 85' lang='lat' dir='ltr'><strong>posteriorum</strong></span> 
     </span>
     <span class='ocr_line' id='line_1_25' title="bbox 106 1705 1509 1777; baseline -0.005 -13"><span class='ocrx_word' id='word_1_182' title='bbox 106 1730 341 1777; x_wconf 83' lang='lat' dir='ltr'><strong>poetarum</strong></span> <span class='ocrx_word' id='word_1_183' title='bbox 370 1718 517 1760; x_wconf 85' lang='lat' dir='ltr'><strong>oratio</strong></span> <span class='ocrx_word' id='word_1_184' title='bbox 544 1717 593 1760; x_wconf 85' lang='lat' dir='ltr'><strong>in</strong></span> <span class='ocrx_word' id='word_1_185' title='bbox 620 1713 942 1765; x_wconf 87' lang='lat' dir='ltr'><strong>vocabulorum</strong></span> <span class='ocrx_word' id='word_1_186' title='bbox 969 1705 1056 1757; x_wconf 83' lang='lat' dir='ltr'><strong>usu</strong></span> <span class='ocrx_word' id='word_1_187' title='bbox 1072 1716 1235 1757; x_wconf 69' lang='lat' dir='ltr'><strong>‘differt</strong></span> <span class='ocrx_word' id='word_1_188' title='bbox 1267 1714 1509 1770; x_wconf 84' lang='lat' dir='ltr'><strong>aliquando</strong></span> 
     </span>
     <span class='ocr_line' id='line_1_26' title="bbox 103 1782 1510 1841; baseline -0.004 -7"><span class='ocrx_word' id='word_1_189' title='bbox 103 1794 172 1834; x_wconf 82' lang='lat' dir='ltr'><strong>ita</strong></span> <span class='ocrx_word' id='word_1_190' title='bbox 201 1792 248 1832; x_wconf 89' lang='lat' dir='ltr'><strong>in</strong></span> <span class='ocrx_word' id='word_1_191' title='bbox 278 1802 418 1830; x_wconf 87' lang='lat' dir='ltr'><strong>unum</strong></span> <span class='ocrx_word' id='word_1_192' title='bbox 446 1784 631 1841; x_wconf 82' lang='lat' dir='ltr'><strong>colligi,</strong></span> <span class='ocrx_word' id='word_1_193' title='bbox 665 1784 788 1826; x_wconf 87' lang='lat' dir='ltr'><strong>utin</strong></span> <span class='ocrx_word' id='word_1_194' title='bbox 808 1784 948 1827; x_wconf 89' lang='lat' dir='ltr'><strong>Attici</strong></span> <span class='ocrx_word' id='word_1_195' title='bbox 976 1782 1265 1840; x_wconf 82' lang='lat' dir='ltr'><strong>vulgarisque</strong></span> <span class='ocrx_word' id='word_1_196' title='bbox 1289 1786 1510 1828; x_wconf 87' lang='lat' dir='ltr'><strong>sermonis</strong></span> 
     </span>
     <span class='ocr_line' id='line_1_27' title="bbox 104 1851 1510 1911; baseline -0.005 -8"><span class='ocrx_word' id='word_1_197' title='bbox 104 1858 413 1911; x_wconf 75' lang='lat' dir='ltr'><strong>discrepantia</strong></span> <span class='ocrx_word' id='word_1_198' title='bbox 447 1869 480 1896; x_wconf 80' lang='lat' dir='ltr'><strong>a</strong></span> <span class='ocrx_word' id='word_1_199' title='bbox 510 1851 741 1897; x_wconf 78' lang='lat' dir='ltr'><strong>veteribus</strong></span> <span class='ocrx_word' id='word_1_200' title='bbox 761 1853 939 1896; x_wconf 54' lang='lat' dir='ltr'><strong>*factum</strong></span> <span class='ocrx_word' id='word_1_201' title='bbox 967 1861 1058 1896; x_wconf 84' lang='lat' dir='ltr'><strong>est:</strong></span> <span class='ocrx_word' id='word_1_202' title='bbox 1099 1867 1182 1895; x_wconf 90' lang='lat' dir='ltr'><strong>nos</strong></span> <span class='ocrx_word' id='word_1_203' title='bbox 1210 1863 1358 1896; x_wconf 88' lang='lat' dir='ltr'><strong>tamen</strong></span> <span class='ocrx_word' id='word_1_204' title='bbox 1397 1853 1510 1897; x_wconf 86' lang='lat' dir='ltr'><strong>haec</strong></span> 
     </span>
    </p>
   </div>
   <div class='ocr_carea' id='block_1_4' title="bbox 25 1921 1508 1977">
    <p class='ocr_par' dir='ltr' id='par_1_5' title="bbox 25 1921 1508 1977">
     <span class='ocr_line' id='line_1_28' title="bbox 25 1921 1508 1977; baseline -0.003 -5"><span class='ocrx_word' id='word_1_205' title='bbox 25 1958 29 1962; x_wconf 89' lang='lat'><em>-</em></span> <span class='ocrx_word' id='word_1_206' title='bbox 99 1929 207 1973; x_wconf 82' lang='lat' dir='ltr'><strong>ideo</strong></span> <span class='ocrx_word' id='word_1_207' title='bbox 247 1927 333 1970; x_wconf 89' lang='lat' dir='ltr'><strong>hoc</strong></span> <span class='ocrx_word' id='word_1_208' title='bbox 367 1924 474 1967; x_wconf 84' lang='lat' dir='ltr'><strong>loco</strong></span> <span class='ocrx_word' id='word_1_209' title='bbox 502 1921 849 1977; x_wconf 72' lang='lat' dir='ltr'><strong>perlustramus,</strong></span> <span class='ocrx_word' id='word_1_210' title='bbox 887 1923 1005 1977; x_wconf 85' lang='lat' dir='ltr'><strong>quod</strong></span> <span class='ocrx_word' id='word_1_211' title='bbox 1033 1924 1161 1977; x_wconf 86' lang='lat' dir='ltr'><strong>quasi</strong></span> <span class='ocrx_word' id='word_1_212' title='bbox 1200 1939 1280 1976; x_wconf 91' lang='lat' dir='ltr'><strong>pro</strong></span> <span class='ocrx_word' id='word_1_213' title='bbox 1311 1924 1508 1970; x_wconf 84' lang='lat' dir='ltr'><strong>Aristar-</strong></span> 
     </span>
    </p>
   </div>
   <div class='ocr_carea' id='block_1_5' title="bbox 96 1992 1515 2541">
    <p class='ocr_par' dir='ltr' id='par_1_6' title="bbox 96 1992 1515 2541">
     <span class='ocr_line' id='line_1_29' title="bbox 102 1992 1504 2050; baseline -0.004 -8"><span class='ocrx_word' id='word_1_214' title='bbox 102 1998 243 2042; x_wconf 86' lang='lat' dir='ltr'><strong>cheae</strong></span> <span class='ocrx_word' id='word_1_215' title='bbox 263 2008 428 2050; x_wconf 80' lang='lat' dir='ltr'><strong>operae</strong></span> <span class='ocrx_word' id='word_1_216' title='bbox 449 1992 774 2048; x_wconf 84' lang='lat' dir='ltr'><strong>complemento</strong></span> <span class='ocrx_word' id='word_1_217' title='bbox 800 2000 934 2044; x_wconf 86' lang='lat' dir='ltr'><strong>sunt,</strong></span> <span class='ocrx_word' id='word_1_218' title='bbox 961 1992 1038 2047; x_wconf 85' lang='lat' dir='ltr'><strong>qui</strong></span> <span class='ocrx_word' id='word_1_219' title='bbox 1067 2006 1149 2034; x_wconf 87' lang='lat' dir='ltr'><strong>nec</strong></span> <span class='ocrx_word' id='word_1_220' title='bbox 1168 1992 1504 2038; x_wconf 84' lang='lat' dir='ltr'><strong>Alexandrinos</strong></span> 
     </span>
     <span class='ocr_line' id='line_1_30' title="bbox 100 2061 1503 2123; baseline -0.009 -12"><span class='ocrx_word' id='word_1_221' title='bbox 100 2065 327 2111; x_wconf 31' lang='lat' dir='ltr'><strong>sicubixah</strong></span> <span class='ocrx_word' id='word_1_222' title='bbox 356 2063 559 2108; x_wconf 87' lang='lat' dir='ltr'><strong>Homero</strong></span> <span class='ocrx_word' id='word_1_223' title='bbox 587 2061 871 2103; x_wconf 76' lang='lat' dir='ltr'><strong>desciverant</strong></span> <span class='ocrx_word' id='word_1_224' title='bbox 904 2069 1061 2104; x_wconf 81' lang='lat' dir='ltr'><strong>notare</strong></span> <span class='ocrx_word' id='word_1_225' title='bbox 1089 2065 1393 2122; x_wconf 67' lang='lat' dir='ltr'><strong>praetermisit</strong></span> <span class='ocrx_word' id='word_1_226' title='bbox 1414 2065 1503 2123; x_wconf 73' lang='lat' dir='ltr'><strong>(ut</strong></span> 
     </span>
     <span class='ocr_line' id='line_1_31' title="bbox 100 2128 1501 2186; baseline -0.004 -5"><span class='ocrx_word' id='word_1_227' title='bbox 100 2137 155 2186; x_wconf 66' lang='lat' dir='ltr'><strong>in</strong></span> <span class='ocrx_word' id='word_1_228' title='bbox 171 2133 451 2180; x_wconf 79' lang='lat' dir='ltr'><strong>Callimacho</strong></span> <span class='ocrx_word' id='word_1_229' title='bbox 470 2133 605 2185; x_wconf 77' lang='lat' dir='ltr'><strong>fecit,</strong></span> <span class='ocrx_word' id='word_1_230' title='bbox 634 2145 676 2172; x_wconf 87' lang='lat' dir='ltr'><strong>v.</strong></span> <span class='ocrx_word' id='word_1_231' title='bbox 702 2128 799 2172; x_wconf 87' lang='lat' dir='ltr'><strong>sch.</strong></span> <span class='ocrx_word' id='word_1_232' title='bbox 827 2128 888 2178; x_wconf 85' lang='grc' dir='ltr'><strong>Ξ,</strong></span> <span class='ocrx_word' id='word_1_233' title='bbox 907 2129 1032 2183; x_wconf 86' lang='grc'><strong>499).</strong></span> <span class='ocrx_word' id='word_1_234' title='bbox 1090 2131 1268 2174; x_wconf 89' lang='lat' dir='ltr'><strong>Deinde</strong></span> <span class='ocrx_word' id='word_1_235' title='bbox 1297 2133 1403 2176; x_wconf 86' lang='lat' dir='ltr'><strong>hinc</strong></span> <span class='ocrx_word' id='word_1_236' title='bbox 1431 2135 1501 2176; x_wconf 90' lang='lat' dir='ltr'><strong>in-</strong></span> 
     </span>
     <span class='ocr_line' id='line_1_32' title="bbox 98 2195 1500 2261; baseline -0.01 -11"><span class='ocrx_word' id='word_1_237' title='bbox 98 2195 373 2261; x_wconf 67' lang='lat' dir='ltr'><strong>tellig—imus,</strong></span> <span class='ocrx_word' id='word_1_238' title='bbox 413 2202 471 2245; x_wconf 74' lang='lat' dir='ltr'><strong>ad</strong></span> <span class='ocrx_word' id='word_1_239' title='bbox 496 2198 835 2246; x_wconf 80' lang='lat' dir='ltr'><strong>Aristarcheam</strong></span> <span class='ocrx_word' id='word_1_240' title='bbox 862 2197 1111 2241; x_wconf 82' lang='lat' dir='ltr'><strong>doctrinam</strong></span> <span class='ocrx_word' id='word_1_241' title='bbox 1140 2202 1291 2261; x_wconf 58' lang='lat' dir='ltr'><strong>chos</strong></span> <span class='ocrx_word' id='word_1_242' title='bbox 1321 2216 1500 2246; x_wconf 77' lang='lat' dir='ltr'><strong>cursum</strong></span> 
     </span>
     <span class='ocr_line' id='line_1_33' title="bbox 96 2267 1501 2330; baseline -0.009 -11"><span class='ocrx_word' id='word_1_243' title='bbox 96 2289 229 2319; x_wconf 84' lang='lat' dir='ltr'><strong>suum</strong></span> <span class='ocrx_word' id='word_1_244' title='bbox 258 2272 540 2330; x_wconf 81' lang='lat' dir='ltr'><strong>dirigendum</strong></span> <span class='ocrx_word' id='word_1_245' title='bbox 566 2283 668 2313; x_wconf 84' lang='lat' dir='ltr'><strong>esse</strong></span> <span class='ocrx_word' id='word_1_246' title='bbox 694 2282 785 2311; x_wconf 90' lang='lat' dir='ltr'><strong>non</strong></span> <span class='ocrx_word' id='word_1_247' title='bbox 814 2269 1059 2310; x_wconf 81' lang='lat' dir='ltr'><strong>censuisse.</strong></span> <span class='ocrx_word' id='word_1_248' title='bbox 1119 2267 1249 2319; x_wconf 82' lang='lat' dir='ltr'><strong>Quod</strong></span> <span class='ocrx_word' id='word_1_249' title='bbox 1288 2273 1335 2314; x_wconf 93' lang='lat' dir='ltr'><strong>in</strong></span> <span class='ocrx_word' id='word_1_250' title='bbox 1356 2287 1501 2328; x_wconf 79' lang='lat' dir='ltr'><strong>gram-</strong></span> 
     </span>
     <span class='ocr_line' id='line_1_34' title="bbox 96 2333 1515 2399; baseline -0.004 -10"><span class='ocrx_word' id='word_1_251' title='bbox 96 2334 276 2390; x_wconf 85' lang='lat' dir='ltr'><strong>maticis</strong></span> <span class='ocrx_word' id='word_1_252' title='bbox 296 2350 340 2384; x_wconf 85' lang='lat' dir='ltr'><strong>et</strong></span> <span class='ocrx_word' id='word_1_253' title='bbox 361 2338 726 2398; x_wconf 79' lang='lat' dir='ltr'><strong>orthographicis</strong></span> <span class='ocrx_word' id='word_1_254' title='bbox 747 2336 877 2380; x_wconf 78' lang='lat' dir='ltr'><strong>docte</strong></span> <span class='ocrx_word' id='word_1_255' title='bbox 897 2336 1195 2395; x_wconf 69' lang='lat' dir='ltr'><strong>sollerter-que¹</strong></span> <span class='ocrx_word' id='word_1_256' title='bbox 1222 2333 1515 2399; x_wconf 46' lang='lat' dir='ltr'><strong>demonstra-¹</strong></span> 
     </span>
     <span class='ocr_line' id='line_1_35' title="bbox 96 2408 1499 2463; baseline -0.01 -5"><span class='ocrx_word' id='word_1_257' title='bbox 96 2418 163 2458; x_wconf 83' lang='lat' dir='ltr'><strong>vit</strong></span> <span class='ocrx_word' id='word_1_258' title='bbox 183 2412 402 2457; x_wconf 85' lang='lat' dir='ltr'><strong>Gerhard.</strong></span> <span class='ocrx_word' id='word_1_259' title='bbox 422 2411 526 2455; x_wconf 90' lang='lat' dir='ltr'><strong>lect.</strong></span> <span class='ocrx_word' id='word_1_260' title='bbox 547 2408 697 2463; x_wconf 85' lang='lat' dir='ltr'><strong>Apoll.</strong></span> <span class='ocrx_word' id='word_1_261' title='bbox 718 2424 760 2462; x_wconf 89' lang='lat' dir='ltr'><strong>p.</strong></span> <span class='ocrx_word' id='word_1_262' title='bbox 782 2411 833 2449; x_wconf 87' lang='lat'><strong>91</strong></span> <span class='ocrx_word' id='word_1_263' title='bbox 848 2430 897 2437; x_wconf 85' lang='lat'>-</span> <span class='ocrx_word' id='word_1_264' title='bbox 912 2410 980 2452; x_wconf 87' lang='grc'><strong>97.</strong></span> <span class='ocrx_word' id='word_1_265' title='bbox 1036 2409 1158 2452; x_wconf 83' lang='lat' dir='ltr'><strong>Idem</strong></span> <span class='ocrx_word' id='word_1_266' title='bbox 1188 2413 1234 2452; x_wconf 91' lang='lat' dir='ltr'><strong>in</strong></span> <span class='ocrx_word' id='word_1_267' title='bbox 1256 2411 1499 2462; x_wconf 76' lang='lat' dir='ltr'><strong>vocabulo-</strong></span> 
     </span>
     <span class='ocr_line' id='line_1_36' title="bbox 97 2475 1497 2541; baseline -0.009 -10"><span class='ocrx_word' id='word_1_268' title='bbox 97 2499 197 2531; x_wconf 87' lang='lat' dir='ltr'><strong>rum</strong></span> <span class='ocrx_word' id='word_1_269' title='bbox 227 2478 640 2541; x_wconf 84' lang='lat' dir='ltr'><strong>significationibus</strong></span> <span class='ocrx_word' id='word_1_270' title='bbox 681 2484 877 2533; x_wconf 82' lang='lat' dir='ltr'><strong>apparet.</strong></span> <span class='ocrx_word' id='word_1_271' title='bbox 935 2475 1028 2537; x_wconf 81' lang='lat' dir='ltr'><strong>Nec</strong></span> <span class='ocrx_word' id='word_1_272' title='bbox 1065 2480 1240 2524; x_wconf 83' lang='lat' dir='ltr'><strong>mirum.</strong></span> <span class='ocrx_word' id='word_1_273' title='bbox 1298 2478 1398 2525; x_wconf 85' lang='lat' dir='ltr'><strong>Non</strong></span> <span class='ocrx_word' id='word_1_274' title='bbox 1431 2490 1497 2524; x_wconf 73' lang='lat' dir='ltr'><strong>est</strong></span> 
     </span>
    </p>
   </div>
  </div>
 </body>
</html>
