1651 2845
673 90 1012 149 ...30-

140 236 445 282 Alexandrini
463 250 573 280 cum
602 237 728 291 epica
749 219 949 279 csirmina
977 236 1170 280 condere
1189 237 1541 294 aggrederentur

139 322 232 350 non
262 306 310 348 id
340 316 556 361 egerunt,
586 315 634 347 ut
664 305 743 347 ubi
763 305 987 348 Homerus
1015 305 1087 349 vel
1104 305 1283 348 fabulas
1299 308 1374 351 vel
1391 323 1542 352 mores

142 386 187 419 et
207 378 416 419 instituta
444 377 516 420 vel
544 376 722 418 dicendi
742 375 938 420 artificia
956 376 1030 420 vel
1049 376 1541 446 sermonem-Graecum

139 447 427 506 reliquisset,
467 446 533 487 ibi
562 454 607 487 et
624 448 715 500 ipsi
734 447 893 501 pedem
912 448 1125 489 sisterent
1143 448 1294 500 itaque
1313 446 1447 491 illum·
1461 463 1543 491 ex-

138 518 385 572 primerent
416 516 547 569 quasi
576 514 740 571 aliquis
769 516 905 560 Iliadi
925 518 1157 572 proximus
1185 515 1438 572 rhapsodus
1465 518 1542 573 qui

137 586 311 629 nullum
349 584 476 649 aliud
494 578 699 629 baberet
728 587 995 642 exemplum.
1053 587 1144 630 Sed
1170 595 1221 628 ut
1249 586 1450 647 saeculis
1466 600 1542 630 su-

134 654 394 711 perioribus
432 656 584 709 poesis
625 654 798 698 Graeca
835 651 916 710 pei·
956 656 1121 711 gradus
1167 662 1408 711 progressa
1445 666 1538 711 est,

137 739 258 767 nunc
278 738 357 779 per
377 722 561 778 aliquod
590 732 760 779 tempus
780 727 829 768 in
849 726 1102 767 imitatione
1123 725 1398 778 consistens,
1419 738 1541 767 nune

138 801 406 837 commutato
447 794 611 847 partim
650 795 928 837 audientium
966 793 1190 835 desiderio
1226 795 1394 847 partim
1434 808 1542 837 con·

131 877 269 907 serso
309 862 563 905 litterarum
602 872 724 906 statu
752 865 915 930 partim
942 863 1229 920 ingeniosum
1252 871 1437 918 propter
1464 862 1540 906 vel

135 943 258 978 certe
287 933 501 978 audacem
529 945 791 978 novatorem
815 948 956 978 novos
977 933 1153 977 colores
1173 947 1437 987 assumens,
1470 934 1539 976 sic

134 1004 450 1049 Alexandrina
478 1006 630 1059 poesis
649 1018 735 1048 usa
759 1013 829 1050 est
852 1003 928 1058 iis,
949 1017 1063 1066 qtpe
1081 998 1273 1046 saecula
1282 1012 1386 1046 ante
1405 1018 1535 1058 para-

135 1082 321 1123 verant3
353 1088 541 1128 quorum
569 1074 651 1118 illa
680 1089 770 1117 non
799 1082 971 1116 tantum
997 1073 1219 1115 imitatrix
1248 1073 1326 1115 sed
1345 1073 1536 1130 amplifi-

135 1145 285 1185 catrix
314 1151 358 1185 et
384 1145 597 1186 novatrix
625 1158 726 1186 esse
744 1142 910 1185 voluit:
951 1141 1067 1196 quod
1086 1143 1177 1185 nisi
1196 1143 1261 1184 ita
1281 1152 1421 1192 esset,
1443 1158 1535 1186 non

133 1212 401 1255 haberemus
422 1211 557 1254 huius
576 1214 729 1266 poesis
759 1213 909 1266 epicae
931 1210 1165 1253 historiam
1195 1214 1289 1253 suis
1310 1212 1534 1259 aetatibus

135 1290 182 1324 et
203 1278 416 1323 terminis
448 1279 731 1334 descriptam.
788 1281 847 1322 Et
874 1280 1115 1323 noluerunt
1134 1284 1414 1350 grammatici
1431 1297 1532 1326 esse

133 1350 214 1393 sed
241 1358 415 1405 poetae.
472 1350 545 1393 Ad
574 1350 837 1392 imitandum
856 1363 964 1391 vero
984 1347 1242 1391 Homerus
1227 1351 1287 1393 1is
1308 1365 1406 1394 cum
1425 1352 1532 1394 aliis

131 1421 279 1475 poetis
308 1420 461 1462 multis
490 1434 580 1461 uno
613 1420 855 1474 eodemque
883 1417 986 1461 loco
1019 1419 1140 1474 erat,
1180 1420 1271 1462 nisi
1301 1422 1418 1475 quod
1436 1421 1532 1464 Ho-

130 1489 304 1531 merica
332 1496 377 1530 et
402 1489 458 1529 ad
485 1489 747 1530 memoriam
775 1489 1080 1541 promtissima
1102 1497 1148 1529 et
1171 1491 1315 1531 omnis
1337 1490 1531 1534 Graeco-

130 1572 233 1600 rum
262 1558 415 1612 poesis
442 1573 522 1611 per
549 1559 725 1600 viscera
745 1557 996 1611 serpentia,
1026 1558 1160 1601 etiam
1187 1558 1530 1603 ultro‘scriben-

130 1628 243 1669 tium
264 1625 418 1669 stilum
439 1626 651 1669 subibant
671 1628 873 1681 saepius:
907 1626 1030 1668 velut
1050 1626 1186 1668 hodie
1204 1628 1398 1683 fere'qui
1417 1632 1529 1672 scri-

128 1695 244 1739 bunt
262 1695 445 1751 idyllia,
465 1692 707 1738 Vossianis
727 1695 933 1738 frustulis
962 1704 1191 1749 apparant.
1250 1695 1529 1753 Quamquam

129 1765 434 1809 Alexandrini
471 1765 583 1808 haec
621 1767 722 1819 ipsa
772 1764 1076 1816 declinassent
1122 1765 1394 1820 studiosius,
1434 1769 1527 1810 nisi

129 1836 180 1877 in
201 1830 507 1889 antiquiorum
526 1843 757 1889 poetarum
784 1834 899 1876 locis
925 1828 998 1876 'vel
1026 1834 1328 1888 exprimendis
1355 1835 1428 1877 vel
1448 1837 1526 1877 ad-

127 1904 392 1957 umbi-andis
420 1905 692 1948 Graecorum
719 1893 950 1959 ingenium
984 1905 1119 1946 etiam
1157 1905 1403 1959 antiquitus
1442 1905 1525 1948 ali-

130 1973 237 2027 quid
290 1973 389 2016 sive
442 1974 673 2017 doctrinae
720 1975 816 2016 sive
862 1972 1103 2016 illecebrae
1147 1974 1524 2031 quaesivisset*).

202 2213 245 2263 *)
273 2212 454 2253 Boeckh.
482 2219 615 2266 tragg
633 2211 703 2251 Gr.
725 2225 759 2250 c.
778 2210 881 2250 XX.
909 2230 959 2242 —
985 2209 1102 2260 Dixi,
1120 2193 1314 2251 universe
1329 2210 1405 2251 hos
1422 2226 1521 2264 poe-

268 2283 331 2314 tas
349 2290 434 2315 non
461 2278 543 2315 alio
563 2274 683 2315 modo
702 2276 887 2337 imitatos
915 2287 1004 2313 esse
1017 2274 1241 2314 Homerum
1256 2287 1375 2326 quam
1400 2278 1526 2316 alios.

267 2339 384 2379 Haec
416 2342 597 2381 imitatio
635 2341 787 2390 duplex
823 2346 907 2385 est,
949 2350 1033 2377 una
1064 2339 1254 2388 stricta,
1265 2351 1377 2392 quae
1395 2341 1519 2379 etiam

263 2406 451 2458 integros
483 2419 627 2444 versus
660 2403 921 2451 transsumit3
963 2406 1009 2441 ut
1041 2405 1115 2443 alii
1141 2404 1190 2442 ab
1218 2402 1421 2454 Homero,
1457 2406 1519 2444 sic

230 2510 233 2513 Δ
261 2468 509 2518 Apollonius
546 2483 598 2508 ex
624 2468 797 2507 Eumelo
836 2467 901 2516 (v.
930 2466 1143 2506 Weichert
1176 2480 1216 2517 p.
1240 2467 1342 2517 206)
1364 2460 1413 2506 'et
1437 2468 1527 2508 La-,

265 2533 347 2571 tini
374 2541 520 2583 poetae
547 2546 690 2572 versus
718 2532 948 2572 Ennianos.
1002 2533 1143 2569 Altera
1171 2536 1255 2578 est,
1289 2542 1516 2581 quaesacu-
