1651 2845
690 57 1024 99 ...22-

155 193 401 242 terpretor:
441 185 573 240 „hoc
610 201 717 230 vero
757 186 858 229 loco
886 188 1081 242 speciem
1115 184 1390 241 habet‚·hic
1424 183 1551 247 locus

158 258 390 313 speciosus
420 257 533 299 est“
561 266 613 301 ut
637 261 699 307 B,
732 261 830 301 809.
857 260 923 309 Ζ,-
944 262 1039 302 169.
1065 259 1128 307 B,
1149 260 1245 299 299.
1268 264 1312 298 et
1330 254 1452 298 verb.
1475 253 1555 309 ἒμ-

161 325 345 380 φαίνειν
373 329 423 375 Ε,
445 330 539 369 875.
563 328 780 370 Dolemus
802 329 878 370 hic
897 341 1055 371 manca
1074 339 1175 368 esse
1196 323 1385 373 scholia.
1442 324 1556 367 Cen-

163 395 255 437 suit
285 395 480 439 fortasse
499 397 790 440 Aristarchus
819 397 938 441 hunc
956 397 1105 440 locum
1125 397 1191 438 sic
1211 394 1574 438 construendum'

162 478 264 506 esse
304 467 370 518 τῷ
402 465 440 504 δ’
473 464 815 517 ἐπετοξάζοντο
848 465 1045 518 ἔβαλλόν
1078 480 1127 505 τε
1159 464 1278 504 ἷοῖσι
1309 461 1476 504 λάεσσί
1509 476 1560 502 τε

164 526 493 585 τιτυσκόμενοι
506 563 518 583 ,
558 550 642 590 quo
673 532 854 578 facilius
874 536 930 578 ad
950 534 1242 590 supplendum
1261 532 1562 576 accusativum

166 599 310 642 αὐτόν
342 591 601 647 ducebatur.
659 603 752 647 Nos
781 605 908 647 illam
942 595 1321 647 constructionem
1341 602 1565 643 veriorem

167 670 370 714 ducimus
381 702 395 725 ‚
435 673 492 714 ad
532 688 660 728 quam
696 673 899 730 legentes
927 675 1206 727 promtiores
1242 685 1395 714 sumus
1433 681 1565 725 quae-

169 756 254 794 que
283 750 463 796 propter
493 742 658 797 duplex
687 759 735 784 τε
765 741 1060 797 aequabiliter
1088 744 1283 798 positum
1302 739 1566 783 concinnior

169 810 369 863 videtur,
410 813 477 865 τῷ
508 811 548 852 δ’
590 809 953 861 ἓπετοξάξοντο,
991 812 1114 853 ἱοῖσί
1150 827 1201 853 τε
1239 807 1569 864 τιτυσκόμενοι

172 877 339 918 λάεσσί
358 893 408 918 τε
430 877 694 930 βάλλοντες.
754 878 843 924 Sed
862 895 942 936 pro
959 875 1108 926 'altero
1128 879 1366 935 participio
1386 876 1568 920 transiit

111 959 114 962 ·
175 946 231 988 ad
251 945 434 990 verbum
454 946 653 1004 finitum,
673 959 723 992 ut
756 953 811 1004 Y,
831 954 887 993 48
1251 967 1253 969 ’

594 1027 681 1072 αὖε
703 1031 741 1072 δ’
762 1030 971 1086 Ἀθήνη,

234 1098 366 1139 cmi&
390 1096 573 1153 ὁτὲμὲν
595 1099 726 1152 παρὰ
748 1098 929 1153 τάφρον
952 1097 1149 1153 ὀρυκτὴν
1169 1096 1347 1149 τείχεος
1368 1095 1523 1150 ἐκτός,

188 1169 192 1172 ’
235 1164 391 1208 ἄλλοτ’
412 1168 485 1207 ἐπ’
508 1165 697 1207 ἀκτάων
718 1166 985 1220 ἐριδούπων
1005 1164 1358 1220 μακρόν-ἀΰτει.

185 1262 249 1311 Κ,
270 1265 369 1305 388.
395 1264 454 1311 Ε,
476 1265 572 1306 145.
595 1279 617 1314 ρ
632 1294 641 1311 ,
663 1267 732 1305 66.
755 1279 804 1312 ο,
825 1266 870 1307 6.
890 1270 954 1317 ψ,
974 1264 1071 1305 351.
1091 1277 1132 1305 v.
1152 1262 1383 1306 Fritzsche
1405 1272 1573 1318 quaest.

179 1332 290 1373 Luc.
329 1347 373 1384 p
403 1335 497 1374 112.
566 1331 698 1381 Quod
724 1333 790 1374 sic
817 1331 1077 1374 vocabuli
1058 1329 1395 1381 ἐπετοξάζοντο
1431 1332 1573 1375 altero

179 1414 313 1441 versu
350 1399 491 1442 latius
527 1410 649 1454 patet
677 1400 978 1457 significatio,
1021 1392 1113 1441 boc
1142 1407 1290 1441 utrum
1320 1401 1575 1473 scrupulum

181 1470 380 1523 inficiat,
407 1484 463 1512 an
484 1469 603 1513 hanc
622 1472 1038 1524 interpretationem
1051 1470 1362 1542 commendet?

322 1577 485 1620 Monui
513 1590 648 1631 supra
682 1577 767 1620 hac
794 1586 922 1631 parte
950 1578 1267 1632 disputationis
1305 1578 1436 1631 nobis
1473 1581 1578 1621 usui

182 1645 306 1699 fore,
330 1646 446 1700 quod
468 1648 720 1689 certissimo
741 1647 944 1702 exemplo
965 1647 1294 1702 probabamus,
1324 1648 1580 1690 Aristarchi

184 1714 521 1758 observationes
553 1730 868 1775 nonnunquam
909 1717 1109 1760 deffexas
1142 1731 1242 1760 esse
1275 1708 1303 1759 a
1333 1717 1579 1773 discipulis.

146 1804 149 1811 ¹
181 1783 283 1827 Hoc
302 1785 451 1827 iudico
473 1786 639 1831 factum
659 1800 759 1829 esse
779 1787 834 1829 ab
854 1787 1113 1831 Aristonico
1135 1788 1192 1830 ad
1218 1788 1275 1838 A,
1298 1790 1380 1830 117

240 1876 428 1933 (αὐτὰρ
453 1879 477 1921 ὅ
502 1881 620 1922 σύλα
642 1883 789 1936 πῶμα
813 1882 1067 1937 φαρέτρης,
1089 1881 1138 1922 ἐκ
1162 1882 1200 1922 δ’
1224 1880 1337 1922 ἕλετ’
1360 1880 1494 1934 ἱόν),

202 2003 207 2006 Μ
241 1944 450 2001 ἀβλῆτα,
473 1947 752 2001 πτερόεντα,
773 1950 1028 2004 μελαινέων
1050 1948 1149 2003 ἕρμ’
1174 1945 1402 1990 ὀδυνάων.

183 2044 255 2087 Ibi
268 2031 586 2087 Aristonicus:
629 2042 812 2099 ἀβλῆτα
834 2055 918 2091 cet.
948 2044 1199 2087 ἅθετεῖται
1222 2042 1295 2086 ὅτι
1317 2043 1399 2086 νῦν
1421 2040 1583 2091 ἅπλῶς

187 2102 390 2169 ἄβῘητον
430 2113 511 2156 καὶ
550 2112 672 2168 μηδὲ
709 2127 825 2156 ποτε
864 2112 1147 2168 βεβλημένον
1189 2111 1269 2154 καὶ
1302 2110 1582 2166 ἀφειμένον,

188 2197 276 2233 ουχ
297 2182 596 2239 Ομ7.οικιῦς
638 2180 691 2222 τὸ
723 2197 809 2237 γαρ
841 2179 1064 2235 ffldfflscf'
1082 2183 1273 2247 Ομηρος
1289 2178 1372 2222 οὐκ
1396 2178 1479 2219 ’.ἶ-’πι
1498 2180 1582 2218 τοῦ

185 2251 344 2305 ψιλῶς
382 2251 628 2304 προέσθαι
662 2250 868 2305 τίθησιν.
926 2250 986 2292 At
1014 2251 1053 2290 si
1086 2241 1247 2293 dicitur
1287 2248 1358 2291 ἷὸν
1383 2239 1584 2300 βάλλειν

185 2321 271 2373 (v,
310 2322 380 2361 62.
417 2318 591 2371 χαλκὸν
621 2321 666 2371 β.
697 2321 755 2369 Ε,
788 2321 926 2375 317),
956 2327 1076 2359 recte
1113 2320 1277 2361 dicitur
1317 2315 1387 2363 ἷός
1426 2312 1586 2369 ἇβῖής

186 2388 303 2432 Illud
323 2404 430 2432 vero
452 2390 564 2443 dici,
597 2389 814 2444 quomodo
845 2389 1001 2442 sugere
1021 2391 1218 2442 potuerit
1239 2400 1363 2438 eum,
1395 2385 1470 2438 qui
1496 2384 1586 2436 pri-

188 2472 284 2502 mus
324 2472 452 2502 usum
480 2457 688 2503 vocabuli
717 2457 1032 2499 animadvertit
1065 2460 1225 2513 quique
1254 2452 1326 2498 vel
1358 2453 1415 2496 ad
1435 2451 1587 2494 obscr-
